<?xml version="1.0" encoding="UTF-8"?>
<!DOCTYPE html PUBLIC "-//W3C//DTD XHTML 1.0 Transitional//EN"
    "http://www.w3.org/TR/xhtml1/DTD/xhtml1-transitional.dtd">
<html xmlns="http://www.w3.org/1999/xhtml" xml:lang="en" lang="en">
 <head>
  <title>
</title>
<meta http-equiv="Content-Type" content="text/html;charset=utf-8" />
  <meta name='ocr-system' content='tesseract 3.04.00' />
  <meta name='ocr-capabilities' content='ocr_page ocr_carea ocr_par ocr_line ocrx_word'/>
</head>
<body>
  <div class='ocr_page' id='page_1' title='image "./annalesgandense00funcgoog_0016.png"; bbox 0 0 3178 5192; ppageno 0'>
   <div class='ocr_carea' id='block_1_1' title="bbox 276 441 963 493">
    <p class='ocr_par' dir='ltr' id='par_1_1' title="bbox 276 441 963 493">
     <span class='ocr_line' id='line_1_1' title="bbox 276 441 963 493; baseline 0.004 -6"><span class='ocrx_word' id='word_1_1' title='bbox 276 457 301 488; x_wconf 81' lang='grc' dir='ltr'><strong>νι</strong></span> <span class='ocrx_word' id='word_1_2' title='bbox 714 441 963 493; x_wconf 85' lang='lat' dir='ltr'><strong>lNTRODUCTION</strong></span> 
     </span>
    </p>
   </div>
   <div class='ocr_carea' id='block_1_2' title="bbox 275 556 1397 1781">
    <p class='ocr_par' dir='ltr' id='par_1_2' title="bbox 276 556 1397 1280">
     <span class='ocr_line' id='line_1_2' title="bbox 276 556 1395 657; baseline 0.004 -29"><span class='ocrx_word' id='word_1_3' title='bbox 276 558 437 629; x_wconf 86' lang='lat' dir='ltr'><strong>l&#39;auteur</strong></span> <span class='ocrx_word' id='word_1_4' title='bbox 458 556 657 630; x_wconf 76' lang='lat' dir='ltr'><strong>lui-meme</strong></span> <span class='ocrx_word' id='word_1_5' title='bbox 677 558 783 657; x_wconf 89' lang='lat' dir='ltr'><strong>parle</strong></span> <span class='ocrx_word' id='word_1_6' title='bbox 802 558 850 630; x_wconf 94' lang='lat' dir='ltr'><strong>de</strong></span> <span class='ocrx_word' id='word_1_7' title='bbox 873 558 908 630; x_wconf 96' lang='lat' dir='ltr'><strong>la</strong></span> <span class='ocrx_word' id='word_1_8' title='bbox 931 559 1126 631; x_wconf 80' lang='lat' dir='ltr'><strong>redaction</strong></span> <span class='ocrx_word' id='word_1_9' title='bbox 1151 559 1198 632; x_wconf 92' lang='lat' dir='ltr'><strong>de</strong></span> <span class='ocrx_word' id='word_1_10' title='bbox 1220 586 1260 633; x_wconf 92' lang='lat' dir='ltr'><strong>sa</strong></span> <span class='ocrx_word' id='word_1_11' title='bbox 1283 561 1395 633; x_wconf 90' lang='lat' dir='ltr'><strong>chro-</strong></span> 
     </span>
     <span class='ocr_line' id='line_1_3' title="bbox 276 683 1393 780; baseline 0.003 -27"><span class='ocrx_word' id='word_1_12' title='bbox 276 684 408 780; x_wconf 83' lang='lat' dir='ltr'>nique:</span> <span class='ocrx_word' id='word_1_13' title='bbox 429 686 570 756; x_wconf 77' lang='lat' dir='ltr'><strong>«Venit</strong></span> <span class='ocrx_word' id='word_1_14' title='bbox 585 683 674 754; x_wconf 95' lang='lat' dir='ltr'><strong>mihi</strong></span> <span class='ocrx_word' id='word_1_15' title='bbox 691 685 727 755; x_wconf 92' lang='lat' dir='ltr'><strong>in</strong></span> <span class='ocrx_word' id='word_1_16' title='bbox 740 685 878 755; x_wconf 88' lang='lat' dir='ltr'><strong>animo.</strong></span> <span class='ocrx_word' id='word_1_17' title='bbox 889 742 894 754; x_wconf 95' lang='lat'><strong>.</strong></span> <span class='ocrx_word' id='word_1_18' title='bbox 905 739 911 754; x_wconf 93' lang='lat'><strong>.</strong></span> <span class='ocrx_word' id='word_1_19' title='bbox 924 683 1078 756; x_wconf 78' lang='lat' dir='ltr'>habenti</span> <span class='ocrx_word' id='word_1_20' title='bbox 1094 687 1208 758; x_wconf 90' lang='lat' dir='ltr'><strong>etiam</strong></span> <span class='ocrx_word' id='word_1_21' title='bbox 1223 685 1269 757; x_wconf 90' lang='lat' dir='ltr'><strong>ad</strong></span> <span class='ocrx_word' id='word_1_22' title='bbox 1286 711 1393 758; x_wconf 89' lang='lat' dir='ltr'><strong>usum</strong></span> 
     </span>
     <span class='ocr_line' id='line_1_4' title="bbox 279 806 1396 909; baseline 0.007 -35"><span class='ocrx_word' id='word_1_23' title='bbox 279 835 294 874; x_wconf 77' lang='lat' dir='ltr'><strong>u</strong></span> <span class='ocrx_word' id='word_1_24' title='bbox 336 806 517 905; x_wconf 88' lang='lat' dir='ltr'><strong>quasdam</strong></span> <span class='ocrx_word' id='word_1_25' title='bbox 537 808 817 880; x_wconf 78' lang='lat' dir='ltr'>membranulas</span> <span class='ocrx_word' id='word_1_26' title='bbox 839 810 942 907; x_wconf 87' lang='lat' dir='ltr'><strong>parvi</strong></span> <span class='ocrx_word' id='word_1_27' title='bbox 965 808 1104 880; x_wconf 85' lang='lat' dir='ltr'><strong>valoris</strong></span> <span class='ocrx_word' id='word_1_28' title='bbox 1125 809 1339 909; x_wconf 83' lang='lat' dir='ltr'><strong>colligatas,</strong></span> <span class='ocrx_word' id='word_1_29' title='bbox 1359 813 1396 881; x_wconf 93' lang='lat' dir='ltr'><strong>in</strong></span> 
     </span>
     <span class='ocr_line' id='line_1_5' title="bbox 279 932 1397 1008; baseline 0.006 -8"><span class='ocrx_word' id='word_1_30' title='bbox 279 962 295 1001; x_wconf 81' lang='lat' dir='ltr'><strong>u</strong></span> <span class='ocrx_word' id='word_1_31' title='bbox 325 933 380 1004; x_wconf 88' lang='lat' dir='ltr'><strong>eis</strong></span> <span class='ocrx_word' id='word_1_32' title='bbox 410 932 629 1004; x_wconf 81' lang='lat' dir='ltr'><strong>describere</strong></span> <span class='ocrx_word' id='word_1_33' title='bbox 662 933 873 1005; x_wconf 89' lang='lat' dir='ltr'><strong>secundum</strong></span> <span class='ocrx_word' id='word_1_34' title='bbox 908 933 1111 1005; x_wconf 88' lang='lat' dir='ltr'><strong>decursum</strong></span> <span class='ocrx_word' id='word_1_35' title='bbox 1145 961 1328 1007; x_wconf 89' lang='lat' dir='ltr'><strong>annorum</strong></span> <span class='ocrx_word' id='word_1_36' title='bbox 1359 951 1397 1008; x_wconf 88' lang='lat' dir='ltr'><strong>et</strong></span> 
     </span>
     <span class='ocr_line' id='line_1_6' title="bbox 278 1056 1394 1159; baseline 0.005 -33"><span class='ocrx_word' id='word_1_37' title='bbox 278 1085 294 1126; x_wconf 78' lang='lat' dir='ltr'><strong>a</strong></span> <span class='ocrx_word' id='word_1_38' title='bbox 324 1070 552 1156; x_wconf 87' lang='lat' dir='ltr'><strong>temporum,</strong></span> <span class='ocrx_word' id='word_1_39' title='bbox 573 1058 765 1156; x_wconf 86' lang='lat' dir='ltr'><strong>expedito,</strong></span> <span class='ocrx_word' id='word_1_40' title='bbox 786 1056 858 1130; x_wconf 93' lang='lat' dir='ltr'><strong>levi</strong></span> <span class='ocrx_word' id='word_1_41' title='bbox 882 1057 1062 1156; x_wconf 89' lang='lat' dir='ltr'><strong>claroque</strong></span> <span class='ocrx_word' id='word_1_42' title='bbox 1083 1085 1259 1132; x_wconf 79' lang='lat' dir='ltr'><strong>sermone</strong></span> <span class='ocrx_word' id='word_1_43' title='bbox 1277 1060 1394 1159; x_wconf 88' lang='lat' dir='ltr'><strong>prelia</strong></span> 
     </span>
     <span class='ocr_line' id='line_1_7' title="bbox 278 1182 717 1280; baseline 0 -30"><span class='ocrx_word' id='word_1_44' title='bbox 278 1209 294 1250; x_wconf 78' lang='lat' dir='ltr'><strong>a</strong></span> <span class='ocrx_word' id='word_1_45' title='bbox 324 1193 362 1255; x_wconf 86' lang='lat' dir='ltr'><strong>et</strong></span> <span class='ocrx_word' id='word_1_46' title='bbox 379 1182 562 1280; x_wconf 90' lang='lat' dir='ltr'><strong>pericula,</strong></span> <span class='ocrx_word' id='word_1_47' title='bbox 580 1197 654 1254; x_wconf 90' lang='lat' dir='ltr'><strong>ete.</strong></span> <span class='ocrx_word' id='word_1_48' title='bbox 670 1183 680 1228; x_wconf 87' lang='lat'>¹</span> <span class='ocrx_word' id='word_1_49' title='bbox 700 1209 717 1251; x_wconf 86' lang='lat'>»</span> 
     </span>
    </p>

    <p class='ocr_par' dir='ltr' id='par_1_3' title="bbox 275 1307 1396 1781">
     <span class='ocr_line' id='line_1_8' title="bbox 326 1307 1394 1406; baseline 0.001 -27"><span class='ocrx_word' id='word_1_50' title='bbox 326 1311 454 1380; x_wconf 84' lang='lat' dir='ltr'><strong>Est-ce</strong></span> <span class='ocrx_word' id='word_1_51' title='bbox 478 1307 566 1380; x_wconf 89' lang='lat' dir='ltr'><strong>bien</strong></span> <span class='ocrx_word' id='word_1_52' title='bbox 592 1334 636 1380; x_wconf 90' lang='lat' dir='ltr'><strong>ce</strong></span> <span class='ocrx_word' id='word_1_53' title='bbox 660 1309 868 1380; x_wconf 81' lang='lat' dir='ltr'><strong>manuscrit</strong></span> <span class='ocrx_word' id='word_1_54' title='bbox 891 1307 1053 1406; x_wconf 83' lang='lat' dir='ltr'><strong>original</strong></span> <span class='ocrx_word' id='word_1_55' title='bbox 1075 1311 1137 1406; x_wconf 90' lang='lat' dir='ltr'><strong>qui</strong></span> <span class='ocrx_word' id='word_1_56' title='bbox 1162 1311 1279 1381; x_wconf 90' lang='lat' dir='ltr'><strong>serait</strong></span> <span class='ocrx_word' id='word_1_57' title='bbox 1298 1336 1394 1382; x_wconf 91' lang='lat' dir='ltr'><strong>venu</strong></span> 
     </span>
     <span class='ocr_line' id='line_1_9' title="bbox 275 1432 1396 1532; baseline 0.002 -28"><span class='ocrx_word' id='word_1_58' title='bbox 275 1447 382 1505; x_wconf 88' lang='lat' dir='ltr'><strong>entre</strong></span> <span class='ocrx_word' id='word_1_59' title='bbox 411 1432 467 1505; x_wconf 91' lang='lat' dir='ltr'><strong>les</strong></span> <span class='ocrx_word' id='word_1_60' title='bbox 501 1435 622 1505; x_wconf 93' lang='lat' dir='ltr'><strong>mains</strong></span> <span class='ocrx_word' id='word_1_61' title='bbox 651 1432 699 1505; x_wconf 90' lang='lat' dir='ltr'><strong>de</strong></span> <span class='ocrx_word' id='word_1_62' title='bbox 724 1436 933 1507; x_wconf 88' lang='lat' dir='ltr'><strong>Hartmann</strong></span> <span class='ocrx_word' id='word_1_63' title='bbox 964 1447 1001 1505; x_wconf 87' lang='lat' dir='ltr'><strong>et</strong></span> <span class='ocrx_word' id='word_1_64' title='bbox 1030 1435 1150 1506; x_wconf 89' lang='lat' dir='ltr'><strong>aurait</strong></span> <span class='ocrx_word' id='word_1_65' title='bbox 1177 1439 1239 1506; x_wconf 77' lang='lat' dir='ltr'><strong>ete</strong></span> <span class='ocrx_word' id='word_1_66' title='bbox 1267 1433 1396 1532; x_wconf 78' lang='lat' dir='ltr'><strong>publie</strong></span> 
     </span>
     <span class='ocr_line' id='line_1_10' title="bbox 277 1557 1395 1656; baseline 0.001 -27"><span class='ocrx_word' id='word_1_67' title='bbox 277 1583 344 1656; x_wconf 90' lang='lat' dir='ltr'><strong>par</strong></span> <span class='ocrx_word' id='word_1_68' title='bbox 359 1557 515 1630; x_wconf 88' lang='lat' dir='ltr'><strong>celui-ci</strong></span> <span class='ocrx_word' id='word_1_69' title='bbox 531 1583 578 1630; x_wconf 90' lang='lat' dir='ltr'><strong>en</strong></span> <span class='ocrx_word' id='word_1_70' title='bbox 597 1559 717 1629; x_wconf 71' lang='lat'><strong>1823?</strong></span> <span class='ocrx_word' id='word_1_71' title='bbox 736 1561 944 1630; x_wconf 88' lang='lat' dir='ltr'><strong>Hartmann</strong></span> <span class='ocrx_word' id='word_1_72' title='bbox 962 1585 981 1629; x_wconf 92' lang='lat' dir='ltr'><strong>a</strong></span> <span class='ocrx_word' id='word_1_73' title='bbox 998 1559 1063 1630; x_wconf 85' lang='lat' dir='ltr'><strong>l&#39;ait</strong></span> <span class='ocrx_word' id='word_1_74' title='bbox 1082 1562 1208 1631; x_wconf 89' lang='lat' dir='ltr'><strong>suivre</strong></span> <span class='ocrx_word' id='word_1_75' title='bbox 1224 1585 1294 1631; x_wconf 89' lang='lat' dir='ltr'><strong>sou</strong></span> <span class='ocrx_word' id='word_1_76' title='bbox 1314 1558 1395 1631; x_wconf 75' lang='lat' dir='ltr'><strong>edi-</strong></span> 
     </span>
     <span class='ocr_line' id='line_1_11' title="bbox 275 1682 1396 1781; baseline 0.001 -26"><span class='ocrx_word' id='word_1_77' title='bbox 275 1682 754 1755; x_wconf 74' lang='lat' dir='ltr'><strong>ri0n2d&#39;untac-similede</strong></span> <span class='ocrx_word' id='word_1_78' title='bbox 768 1682 803 1754; x_wconf 91' lang='lat' dir='ltr'><strong>la</strong></span> <span class='ocrx_word' id='word_1_79' title='bbox 818 1684 1396 1781; x_wconf 83' lang='lat' dir='ltr'><strong>premierepagedumanuscrit</strong></span> 
     </span>
    </p>
   </div>
   <div class='ocr_carea' id='block_1_3' title="bbox 276 1806 1395 2284">
    <p class='ocr_par' dir='ltr' id='par_1_4' title="bbox 276 1806 1395 2032">
     <span class='ocr_line' id='line_1_12' title="bbox 276 1806 1395 1907; baseline 0.001 -28"><span class='ocrx_word' id='word_1_80' title='bbox 276 1808 370 1881; x_wconf 92' lang='lat' dir='ltr'><strong>dont</strong></span> <span class='ocrx_word' id='word_1_81' title='bbox 389 1808 413 1878; x_wconf 97' lang='lat' dir='ltr'><strong>il</strong></span> <span class='ocrx_word' id='word_1_82' title='bbox 430 1808 555 1880; x_wconf 81' lang='lat' dir='ltr'><strong>s&#39;etait</strong></span> <span class='ocrx_word' id='word_1_83' title='bbox 575 1810 744 1889; x_wconf 77' lang='lat' dir='ltr'><strong>serviet</strong></span> <span class='ocrx_word' id='word_1_84' title='bbox 763 1806 789 1878; x_wconf 97' lang='lat' dir='ltr'><strong>il</strong></span> <span class='ocrx_word' id='word_1_85' title='bbox 811 1835 831 1878; x_wconf 90' lang='lat' dir='ltr'><strong>a</strong></span> <span class='ocrx_word' id='word_1_86' title='bbox 853 1808 981 1880; x_wconf 90' lang='lat' dir='ltr'><strong>donne&#39;</strong></span> <span class='ocrx_word' id='word_1_87' title='bbox 1001 1807 1048 1907; x_wconf 90' lang='lat' dir='ltr'><strong>de</strong></span> <span class='ocrx_word' id='word_1_88' title='bbox 1069 1835 1113 1880; x_wconf 89' lang='lat' dir='ltr'><strong>ce</strong></span> <span class='ocrx_word' id='word_1_89' title='bbox 1136 1811 1343 1883; x_wconf 78' lang='lat' dir='ltr'><strong>manuscrit</strong></span> <span class='ocrx_word' id='word_1_90' title='bbox 1361 1808 1395 1880; x_wconf 91' lang='lat' dir='ltr'><strong>la</strong></span> 
     </span>
     <span class='ocr_line' id='line_1_13' title="bbox 276 1934 733 2032; baseline -0.002 -28"><span class='ocrx_word' id='word_1_91' title='bbox 276 1934 512 2032; x_wconf 80' lang='lat' dir='ltr'><strong>description</strong></span> <span class='ocrx_word' id='word_1_92' title='bbox 534 1935 733 2006; x_wconf 88' lang='lat' dir='ltr'><strong>suivante:</strong></span> 
     </span>
    </p>

    <p class='ocr_par' dir='ltr' id='par_1_5' title="bbox 278 2056 1395 2284">
     <span class='ocr_line' id='line_1_14' title="bbox 327 2056 1395 2157; baseline 0.001 -28"><span class='ocrx_word' id='word_1_93' title='bbox 327 2090 343 2129; x_wconf 79' lang='lat' dir='ltr'><strong>u</strong></span> <span class='ocrx_word' id='word_1_94' title='bbox 374 2056 502 2132; x_wconf 87' lang='lat' dir='ltr'><strong>Codex</strong></span> <span class='ocrx_word' id='word_1_95' title='bbox 523 2061 805 2157; x_wconf 90' lang='lat' dir='ltr'><strong>manuscriptus</strong></span> <span class='ocrx_word' id='word_1_96' title='bbox 824 2057 1075 2157; x_wconf 83' lang='lat' dir='ltr'><strong>quadraginta</strong></span> <span class='ocrx_word' id='word_1_97' title='bbox 1095 2074 1184 2132; x_wconf 90' lang='lat' dir='ltr'><strong>octo</strong></span> <span class='ocrx_word' id='word_1_98' title='bbox 1207 2060 1395 2132; x_wconf 90' lang='lat' dir='ltr'><strong>membra·</strong></span> 
     </span>
     <span class='ocr_line' id='line_1_15' title="bbox 278 2181 1395 2284; baseline 0 -28"><span class='ocrx_word' id='word_1_99' title='bbox 278 2215 294 2256; x_wconf 73' lang='lat' dir='ltr'><strong>a</strong></span> <span class='ocrx_word' id='word_1_100' title='bbox 324 2186 453 2257; x_wconf 91' lang='lat' dir='ltr'><strong>naeeis</strong></span> <span class='ocrx_word' id='word_1_101' title='bbox 481 2182 581 2256; x_wconf 84' lang='lat' dir='ltr'><strong>loliis</strong></span> <span class='ocrx_word' id='word_1_102' title='bbox 606 2181 737 2282; x_wconf 83' lang='lat' dir='ltr'><strong>figurae</strong></span> <span class='ocrx_word' id='word_1_103' title='bbox 763 2182 957 2282; x_wconf 66' lang='lat' dir='ltr'><strong>quadratae</strong></span> <span class='ocrx_word' id='word_1_104' title='bbox 984 2185 1153 2265; x_wconf 85' lang='lat' dir='ltr'><strong>minoris,</strong></span> <span class='ocrx_word' id='word_1_105' title='bbox 1181 2183 1320 2284; x_wconf 90' lang='lat' dir='ltr'><strong>quibus</strong></span> <span class='ocrx_word' id='word_1_106' title='bbox 1349 2185 1395 2256; x_wconf 92' lang='lat' dir='ltr'><strong>ab</strong></span> 
     </span>
    </p>
   </div>
   <div class='ocr_carea' id='block_1_4' title="bbox 279 2308 1398 3279">
    <p class='ocr_par' dir='ltr' id='par_1_6' title="bbox 279 2308 1398 3279">
     <span class='ocr_line' id='line_1_16' title="bbox 279 2308 1398 2408; baseline 0 -28"><span class='ocrx_word' id='word_1_107' title='bbox 279 2340 295 2380; x_wconf 82' lang='lat' dir='ltr'><strong>a</strong></span> <span class='ocrx_word' id='word_1_108' title='bbox 325 2310 396 2380; x_wconf 90' lang='lat' dir='ltr'><strong>alia</strong></span> <span class='ocrx_word' id='word_1_109' title='bbox 431 2323 565 2406; x_wconf 90' lang='lat' dir='ltr'><strong>postea</strong></span> <span class='ocrx_word' id='word_1_110' title='bbox 603 2333 715 2378; x_wconf 91' lang='lat' dir='ltr'><strong>mann</strong></span> <span class='ocrx_word' id='word_1_111' title='bbox 755 2311 903 2405; x_wconf 83' lang='lat' dir='ltr'><strong>paginae</strong></span> <span class='ocrx_word' id='word_1_112' title='bbox 936 2308 982 2379; x_wconf 93' lang='lat' dir='ltr'><strong>ab</strong></span> <span class='ocrx_word' id='word_1_113' title='bbox 1024 2310 1038 2378; x_wconf 93' lang='lat' dir='ltr'><strong>l</strong></span> <span class='ocrx_word' id='word_1_114' title='bbox 1075 2335 1195 2408; x_wconf 90' lang='lat' dir='ltr'><strong>usque</strong></span> <span class='ocrx_word' id='word_1_115' title='bbox 1228 2311 1276 2381; x_wconf 84' lang='grc'><strong>96</strong></span> <span class='ocrx_word' id='word_1_116' title='bbox 1309 2323 1398 2381; x_wconf 90' lang='lat' dir='ltr'><strong>suut</strong></span> 
     </span>
     <span class='ocr_line' id='line_1_17' title="bbox 279 2430 1397 2532; baseline 0 -30"><span class='ocrx_word' id='word_1_117' title='bbox 279 2463 295 2502; x_wconf 79' lang='lat' dir='ltr'><strong>a</strong></span> <span class='ocrx_word' id='word_1_118' title='bbox 326 2435 534 2531; x_wconf 75' lang='lat' dir='ltr'><strong>inscriptae,</strong></span> <span class='ocrx_word' id='word_1_119' title='bbox 560 2445 732 2516; x_wconf 80' lang='lat' dir='ltr'><strong>constat3</strong></span> <span class='ocrx_word' id='word_1_120' title='bbox 756 2430 823 2503; x_wconf 88' lang='lat' dir='ltr'><strong>sed</strong></span> <span class='ocrx_word' id='word_1_121' title='bbox 851 2431 1019 2504; x_wconf 87' lang='lat' dir='ltr'><strong>Annales</strong></span> <span class='ocrx_word' id='word_1_122' title='bbox 1045 2434 1115 2532; x_wconf 87' lang='lat' dir='ltr'><strong>ipsi</strong></span> <span class='ocrx_word' id='word_1_123' title='bbox 1145 2432 1192 2504; x_wconf 92' lang='lat' dir='ltr'><strong>ad</strong></span> <span class='ocrx_word' id='word_1_124' title='bbox 1220 2435 1397 2532; x_wconf 87' lang='lat' dir='ltr'><strong>paginam</strong></span> 
     </span>
     <span class='ocr_line' id='line_1_18' title="bbox 279 2557 1394 2658; baseline 0.002 -30"><span class='ocrx_word' id='word_1_125' title='bbox 279 2587 295 2628; x_wconf 77' lang='lat' dir='ltr'><strong>a</strong></span> <span class='ocrx_word' id='word_1_126' title='bbox 325 2572 472 2630; x_wconf 90' lang='lat' dir='ltr'><strong>tantum</strong></span> <span class='ocrx_word' id='word_1_127' title='bbox 484 2557 531 2627; x_wconf 80' lang='lat'><strong>94</strong></span> <span class='ocrx_word' id='word_1_128' title='bbox 543 2581 664 2655; x_wconf 90' lang='lat' dir='ltr'><strong>usque</strong></span> <span class='ocrx_word' id='word_1_129' title='bbox 675 2559 883 2655; x_wconf 87' lang='lat' dir='ltr'><strong>pertinent,</strong></span> <span class='ocrx_word' id='word_1_130' title='bbox 897 2559 955 2629; x_wconf 90' lang='lat' dir='ltr'><strong>cui</strong></span> <span class='ocrx_word' id='word_1_131' title='bbox 972 2573 1157 2657; x_wconf 86' lang='lat' dir='ltr'><strong>praeterea</strong></span> <span class='ocrx_word' id='word_1_132' title='bbox 1171 2560 1241 2630; x_wconf 91' lang='lat' dir='ltr'><strong>tria</strong></span> <span class='ocrx_word' id='word_1_133' title='bbox 1256 2560 1394 2658; x_wconf 80' lang='lat' dir='ltr'><strong>capita,</strong></span> 
     </span>
     <span class='ocr_line' id='line_1_19' title="bbox 279 2681 1397 2780; baseline 0 -26"><span class='ocrx_word' id='word_1_134' title='bbox 279 2713 296 2754; x_wconf 76' lang='lat' dir='ltr'><strong>a</strong></span> <span class='ocrx_word' id='word_1_135' title='bbox 326 2681 473 2761; x_wconf 79' lang='lat' dir='ltr'><strong>eadem,</strong></span> <span class='ocrx_word' id='word_1_136' title='bbox 493 2695 534 2752; x_wconf 90' lang='lat' dir='ltr'><strong>ut</strong></span> <span class='ocrx_word' id='word_1_137' title='bbox 556 2681 719 2768; x_wconf 90' lang='lat' dir='ltr'><strong>videtur,</strong></span> <span class='ocrx_word' id='word_1_138' title='bbox 739 2708 865 2764; x_wconf 77' lang='lat' dir='ltr'><strong>manu,</strong></span> <span class='ocrx_word' id='word_1_139' title='bbox 890 2685 1033 2766; x_wconf 81' lang='lat' dir='ltr'><strong>insunt,</strong></span> <span class='ocrx_word' id='word_1_140' title='bbox 1057 2682 1196 2780; x_wconf 91' lang='lat' dir='ltr'><strong>quibus</strong></span> <span class='ocrx_word' id='word_1_141' title='bbox 1221 2682 1269 2754; x_wconf 92' lang='lat' dir='ltr'><strong>de</strong></span> <span class='ocrx_word' id='word_1_142' title='bbox 1291 2709 1397 2756; x_wconf 91' lang='lat' dir='ltr'><strong>com-</strong></span> 
     </span>
     <span class='ocr_line' id='line_1_20' title="bbox 280 2805 1396 2906; baseline 0.004 -30"><span class='ocrx_word' id='word_1_143' title='bbox 280 2837 295 2877; x_wconf 86' lang='lat'>«</span> <span class='ocrx_word' id='word_1_144' title='bbox 325 2805 498 2905; x_wconf 88' lang='lat' dir='ltr'><strong>pluribus</strong></span> <span class='ocrx_word' id='word_1_145' title='bbox 529 2806 658 2895; x_wconf 84' lang='lat' dir='ltr'><strong>rebus,</strong></span> <span class='ocrx_word' id='word_1_146' title='bbox 686 2833 770 2905; x_wconf 88' lang='lat' dir='ltr'><strong>quae</strong></span> <span class='ocrx_word' id='word_1_147' title='bbox 798 2833 881 2878; x_wconf 94' lang='lat' dir='ltr'><strong>cum</strong></span> <span class='ocrx_word' id='word_1_148' title='bbox 910 2808 994 2904; x_wconf 84' lang='lat' dir='ltr'><strong>ipso</strong></span> <span class='ocrx_word' id='word_1_149' title='bbox 1022 2806 1139 2878; x_wconf 86' lang='lat' dir='ltr'><strong>libelli</strong></span> <span class='ocrx_word' id='word_1_150' title='bbox 1171 2824 1396 2906; x_wconf 86' lang='lat' dir='ltr'><strong>argumento</strong></span> 
     </span>
     <span class='ocr_line' id='line_1_21' title="bbox 280 2931 1398 3030; baseline 0.003 -28"><span class='ocrx_word' id='word_1_151' title='bbox 280 2961 296 3002; x_wconf 78' lang='lat' dir='ltr'><strong>a</strong></span> <span class='ocrx_word' id='word_1_152' title='bbox 328 2933 452 3003; x_wconf 92' lang='lat' dir='ltr'><strong>minus</strong></span> <span class='ocrx_word' id='word_1_153' title='bbox 471 2931 678 3017; x_wconf 86' lang='lat' dir='ltr'><strong>cohaerent,</strong></span> <span class='ocrx_word' id='word_1_154' title='bbox 697 2934 834 3030; x_wconf 87' lang='lat' dir='ltr'><strong>agitur.</strong></span> <span class='ocrx_word' id='word_1_155' title='bbox 855 2933 1020 3010; x_wconf 84' lang='lat' dir='ltr'><strong>Historia</strong></span> <span class='ocrx_word' id='word_1_156' title='bbox 1041 2957 1185 3014; x_wconf 79' lang='lat' dir='ltr'><strong>eorum,</strong></span> <span class='ocrx_word' id='word_1_157' title='bbox 1205 2959 1289 3030; x_wconf 69' lang='lat' dir='ltr'><strong>quaa</strong></span> <span class='ocrx_word' id='word_1_158' title='bbox 1309 2958 1398 3006; x_wconf 90' lang='lat' dir='ltr'><strong>eve-</strong></span> 
     </span>
     <span class='ocr_line' id='line_1_22' title="bbox 280 3055 1397 3156; baseline 0.004 -30"><span class='ocrx_word' id='word_1_159' title='bbox 280 3085 296 3126; x_wconf 85' lang='lat'>«</span> <span class='ocrx_word' id='word_1_160' title='bbox 327 3071 481 3140; x_wconf 83' lang='lat' dir='ltr'><strong>nerunt,</strong></span> <span class='ocrx_word' id='word_1_161' title='bbox 516 3055 724 3127; x_wconf 88' lang='lat' dir='ltr'><strong>secundum</strong></span> <span class='ocrx_word' id='word_1_162' title='bbox 756 3080 876 3126; x_wconf 88' lang='lat' dir='ltr'><strong>annos</strong></span> <span class='ocrx_word' id='word_1_163' title='bbox 913 3055 1081 3153; x_wconf 84' lang='lat' dir='ltr'><strong>digesta,</strong></span> <span class='ocrx_word' id='word_1_164' title='bbox 1110 3059 1174 3156; x_wconf 91' lang='lat' dir='ltr'><strong>qui</strong></span> <span class='ocrx_word' id='word_1_165' title='bbox 1207 3057 1345 3153; x_wconf 85' lang='lat' dir='ltr'><strong>singuli</strong></span> <span class='ocrx_word' id='word_1_166' title='bbox 1378 3084 1397 3130; x_wconf 89' lang='lat' dir='ltr'><strong>a</strong></span> 
     </span>
     <span class='ocr_line' id='line_1_23' title="bbox 280 3180 1394 3279; baseline 0.003 -29"><span class='ocrx_word' id='word_1_167' title='bbox 280 3209 296 3250; x_wconf 77' lang='lat' dir='ltr'><strong>a</strong></span> <span class='ocrx_word' id='word_1_168' title='bbox 326 3180 534 3279; x_wconf 82' lang='lat' dir='ltr'><strong>majuscula</strong></span> <span class='ocrx_word' id='word_1_169' title='bbox 564 3180 678 3252; x_wconf 90' lang='lat' dir='ltr'><strong>rubro</strong></span> <span class='ocrx_word' id='word_1_170' title='bbox 701 3181 803 3279; x_wconf 93' lang='lat' dir='ltr'><strong>picta</strong></span> <span class='ocrx_word' id='word_1_171' title='bbox 828 3180 975 3263; x_wconf 84' lang='lat' dir='ltr'><strong>colore,</strong></span> <span class='ocrx_word' id='word_1_172' title='bbox 1001 3183 1099 3254; x_wconf 86' lang='lat' dir='ltr'><strong>sicut</strong></span> <span class='ocrx_word' id='word_1_173' title='bbox 1127 3198 1232 3254; x_wconf 90' lang='lat' dir='ltr'><strong>totus</strong></span> <span class='ocrx_word' id='word_1_174' title='bbox 1253 3182 1394 3263; x_wconf 81' lang='lat' dir='ltr'><strong>codex,</strong></span> 
     </span>
    </p>
   </div>
   <div class='ocr_carea' id='block_1_5' title="bbox 280 3313 1395 3414">
    <p class='ocr_par' dir='ltr' id='par_1_7' title="bbox 280 3313 1395 3414">
     <span class='ocr_line' id='line_1_24' title="bbox 280 3313 1395 3414; baseline 0.004 -30"><span class='ocrx_word' id='word_1_175' title='bbox 280 3343 296 3384; x_wconf 80' lang='lat' dir='ltr'><strong>a</strong></span> <span class='ocrx_word' id='word_1_176' title='bbox 327 3317 535 3414; x_wconf 89' lang='lat' dir='ltr'><strong>incipiunt;</strong></span> <span class='ocrx_word' id='word_1_177' title='bbox 557 3315 730 3413; x_wconf 87' lang='lat' dir='ltr'><strong>quarem</strong></span> <span class='ocrx_word' id='word_1_178' title='bbox 751 3313 855 3400; x_wconf 84' lang='lat' dir='ltr'><strong>lolio,</strong></span> <span class='ocrx_word' id='word_1_179' title='bbox 877 3313 1095 3388; x_wconf 90' lang='lat' dir='ltr'><strong>documenti</strong></span> <span class='ocrx_word' id='word_1_180' title='bbox 1117 3342 1231 3388; x_wconf 89' lang='lat' dir='ltr'><strong>causa</strong></span> <span class='ocrx_word' id='word_1_181' title='bbox 1252 3316 1395 3402; x_wconf 75' lang='lat' dir='ltr'><strong>addim,</strong></span> 
     </span>
    </p>
   </div>
   <div class='ocr_carea' id='block_1_6' title="bbox 273 3620 1398 4367">
    <p class='ocr_par' dir='ltr' id='par_1_8' title="bbox 314 3620 628 3690">
     <span class='ocr_line' id='line_1_25' title="bbox 314 3620 628 3690; baseline 0.003 -19"><span class='ocrx_word' id='word_1_182' title='bbox 314 3622 339 3674; x_wconf 86' lang='lat'><strong>1.</strong></span> <span class='ocrx_word' id='word_1_183' title='bbox 359 3621 392 3672; x_wconf 93' lang='lat' dir='ltr'><strong>V.</strong></span> <span class='ocrx_word' id='word_1_184' title='bbox 409 3620 543 3690; x_wconf 72' lang='lat' dir='ltr'><strong>ci·apries‚</strong></span> <span class='ocrx_word' id='word_1_185' title='bbox 557 3639 585 3690; x_wconf 90' lang='lat' dir='ltr'><strong>p.</strong></span> <span class='ocrx_word' id='word_1_186' title='bbox 603 3621 628 3672; x_wconf 90' lang='lat' dir='ltr'><strong>l.</strong></span> 
     </span>
    </p>

    <p class='ocr_par' dir='ltr' id='par_1_9' title="bbox 273 3703 1398 4367">
     <span class='ocr_line' id='line_1_26' title="bbox 313 3703 1397 3778; baseline 0.003 -22"><span class='ocrx_word' id='word_1_187' title='bbox 313 3707 338 3756; x_wconf 77' lang='lat'><strong>2.</strong></span> <span class='ocrx_word' id='word_1_188' title='bbox 360 3704 452 3758; x_wconf 83' lang='lat' dir='ltr'><strong>Index</strong></span> <span class='ocrx_word' id='word_1_189' title='bbox 465 3703 626 3758; x_wconf 79' lang='lat' dir='ltr'><strong>scholarum</strong></span> <span class='ocrx_word' id='word_1_190' title='bbox 641 3704 755 3777; x_wconf 82' lang='lat' dir='ltr'><strong>publice</strong></span> <span class='ocrx_word' id='word_1_191' title='bbox 767 3705 956 3777; x_wconf 79' lang='lat' dir='ltr'><strong>privatimque</strong></span> <span class='ocrx_word' id='word_1_192' title='bbox 968 3706 996 3758; x_wconf 89' lang='lat' dir='ltr'><strong>in</strong></span> <span class='ocrx_word' id='word_1_193' title='bbox 1010 3706 1268 3776; x_wconf 75' lang='lat' dir='ltr'><strong>Hamlrurgensium</strong></span> <span class='ocrx_word' id='word_1_194' title='bbox 1279 3723 1397 3778; x_wconf 72' lang='lat' dir='ltr'><strong>gymna-</strong></span> 
     </span>
     <span class='ocr_line' id='line_1_27' title="bbox 277 3787 1397 3860; baseline 0.003 -21"><span class='ocrx_word' id='word_1_195' title='bbox 277 3789 320 3841; x_wconf 84' lang='lat' dir='ltr'><strong>sio</strong></span> <span class='ocrx_word' id='word_1_196' title='bbox 335 3788 510 3850; x_wconf 84' lang='lat' dir='ltr'><strong>academico,</strong></span> <span class='ocrx_word' id='word_1_197' title='bbox 527 3807 545 3840; x_wconf 91' lang='lat' dir='ltr'><strong>a</strong></span> <span class='ocrx_word' id='word_1_198' title='bbox 560 3787 673 3840; x_wconf 78' lang='lat' dir='ltr'><strong>Pascha</strong></span> <span class='ocrx_word' id='word_1_199' title='bbox 695 3790 765 3843; x_wconf 79' lang='lat'><strong><em>1823</em></strong></span> <span class='ocrx_word' id='word_1_200' title='bbox 783 3806 873 3860; x_wconf 84' lang='lat' dir='ltr'><strong>usqae</strong></span> <span class='ocrx_word' id='word_1_201' title='bbox 888 3787 927 3840; x_wconf 86' lang='lat' dir='ltr'><strong>ad</strong></span> <span class='ocrx_word' id='word_1_202' title='bbox 950 3788 1091 3842; x_wconf 78' lang='lat' dir='ltr'><strong>Pascham</strong></span> <span class='ocrx_word' id='word_1_203' title='bbox 1106 3809 1134 3842; x_wconf 91' lang='lat' dir='ltr'><strong>a.</strong></span> <span class='ocrx_word' id='word_1_204' title='bbox 1152 3792 1231 3849; x_wconf 79' lang='lat'><em>1824,</em></span> <span class='ocrx_word' id='word_1_205' title='bbox 1249 3789 1397 3843; x_wconf 75' lang='lat' dir='ltr'><strong>bairanda-</strong></span> 
     </span>
     <span class='ocr_line' id='line_1_28' title="bbox 277 3872 1395 3947; baseline 0.002 -23"><span class='ocrx_word' id='word_1_206' title='bbox 277 3891 353 3940; x_wconf 87' lang='lat' dir='ltr'><strong>rum,</strong></span> <span class='ocrx_word' id='word_1_207' title='bbox 380 3872 474 3925; x_wconf 83' lang='lat' dir='ltr'><strong>editus</strong></span> <span class='ocrx_word' id='word_1_208' title='bbox 502 3891 520 3925; x_wconf 92' lang='lat' dir='ltr'><strong>a</strong></span> <span class='ocrx_word' id='word_1_209' title='bbox 546 3872 659 3926; x_wconf 77' lang='lat' dir='ltr'><strong>Cnnono</strong></span> <span class='ocrx_word' id='word_1_210' title='bbox 688 3873 839 3926; x_wconf 80' lang='lat' dir='ltr'><strong>annmeo</strong></span> <span class='ocrx_word' id='word_1_211' title='bbox 867 3872 999 3926; x_wconf 80' lang='lat' dir='ltr'><strong>Aueusro</strong></span> <span class='ocrx_word' id='word_1_212' title='bbox 1029 3874 1200 3934; x_wconf 73' lang='lat' dir='ltr'><strong>Hunnmnn,</strong></span> <span class='ocrx_word' id='word_1_213' title='bbox 1229 3877 1395 3947; x_wconf 81' lang='lat' dir='ltr'><strong>professore</strong></span> 
     </span>
     <span class='ocr_line' id='line_1_29' title="bbox 273 3956 1397 4035; baseline 0.002 -27"><span class='ocrx_word' id='word_1_214' title='bbox 273 3957 402 4033; x_wconf 83' lang='lat' dir='ltr'><strong>publice,</strong></span> <span class='ocrx_word' id='word_1_215' title='bbox 423 3956 603 4010; x_wconf 67' lang='lat' dir='ltr'><strong>Bibliotheca</strong></span> <span class='ocrx_word' id='word_1_216' title='bbox 624 3957 747 4010; x_wconf 78' lang='lat' dir='ltr'><strong>civitatis</strong></span> <span class='ocrx_word' id='word_1_217' title='bbox 769 3958 995 4027; x_wconf 77' lang='lat' dir='ltr'><strong>Hamlrurgensis</strong></span> <span class='ocrx_word' id='word_1_218' title='bbox 1012 3957 1135 4035; x_wconf 76' lang='lat' dir='ltr'><strong>publica</strong></span> <span class='ocrx_word' id='word_1_219' title='bbox 1151 3963 1301 4032; x_wconf 70' lang='lat' dir='ltr'><strong>prefecto,</strong></span> <span class='ocrx_word' id='word_1_220' title='bbox 1324 3975 1397 4010; x_wconf 87' lang='lat' dir='ltr'><strong>anno</strong></span> 
     </span>
     <span class='ocr_line' id='line_1_30' title="bbox 278 4041 1398 4116; baseline 0 -22"><span class='ocrx_word' id='word_1_221' title='bbox 278 4041 408 4114; x_wconf 83' lang='lat' dir='ltr'><strong>sequenti</strong></span> <span class='ocrx_word' id='word_1_222' title='bbox 426 4041 597 4095; x_wconf 82' lang='lat' dir='ltr'><strong>scholastico</strong></span> <span class='ocrx_word' id='word_1_223' title='bbox 613 4043 730 4096; x_wconf 84' lang='lat' dir='ltr'><strong>rectoris</strong></span> <span class='ocrx_word' id='word_1_224' title='bbox 746 4059 859 4095; x_wconf 78' lang='lat' dir='ltr'><strong>ntunere</strong></span> <span class='ocrx_word' id='word_1_225' title='bbox 877 4045 1009 4110; x_wconf 77' lang='lat' dir='ltr'><strong>sanatura</strong></span> <span class='ocrx_word' id='word_1_226' title='bbox 1018 4065 1027 4112; x_wconf 89' lang='lat'><strong>,·</strong></span> <span class='ocrx_word' id='word_1_227' title='bbox 1045 4043 1226 4116; x_wconf 68' lang='lat' dir='ltr'><strong>premittitur</strong></span> <span class='ocrx_word' id='word_1_228' title='bbox 1240 4042 1398 4116; x_wconf 80' lang='lat' dir='ltr'><strong>exemplum</strong></span> 
     </span>
     <span class='ocr_line' id='line_1_31' title="bbox 279 4125 1398 4202; baseline -0.003 -22"><span class='ocrx_word' id='word_1_229' title='bbox 279 4126 385 4180; x_wconf 84' lang='lat' dir='ltr'><strong>codicis</strong></span> <span class='ocrx_word' id='word_1_230' title='bbox 399 4126 500 4200; x_wconf 80' lang='lat' dir='ltr'><strong>scripti</strong></span> <span class='ocrx_word' id='word_1_231' title='bbox 515 4143 532 4178; x_wconf 92' lang='lat' dir='ltr'><strong>a</strong></span> <span class='ocrx_word' id='word_1_232' title='bbox 548 4129 646 4179; x_wconf 80' lang='lat' dir='ltr'><strong>Fratre</strong></span> <span class='ocrx_word' id='word_1_233' title='bbox 661 4126 785 4198; x_wconf 84' lang='lat' dir='ltr'><strong>quodam</strong></span> <span class='ocrx_word' id='word_1_234' title='bbox 803 4144 951 4197; x_wconf 82' lang='lat' dir='ltr'><strong>anonymo,</strong></span> <span class='ocrx_word' id='word_1_235' title='bbox 968 4129 1019 4202; x_wconf 88' lang='lat' dir='ltr'><strong>qui</strong></span> <span class='ocrx_word' id='word_1_236' title='bbox 1035 4127 1064 4179; x_wconf 86' lang='lat' dir='ltr'><strong>in</strong></span> <span class='ocrx_word' id='word_1_237' title='bbox 1079 4125 1257 4180; x_wconf 78' lang='lat' dir='ltr'><strong>Bibliotheca</strong></span> <span class='ocrx_word' id='word_1_238' title='bbox 1275 4126 1398 4180; x_wconf 77' lang='lat' dir='ltr'><strong>civitatis</strong></span> 
     </span>
     <span class='ocr_line' id='line_1_32' title="bbox 279 4209 1397 4284; baseline -0.002 -20"><span class='ocrx_word' id='word_1_239' title='bbox 279 4211 504 4281; x_wconf 72' lang='lat' dir='ltr'><strong>Hambargensis</strong></span> <span class='ocrx_word' id='word_1_240' title='bbox 522 4209 640 4284; x_wconf 83' lang='lat' dir='ltr'><strong>publica</strong></span> <span class='ocrx_word' id='word_1_241' title='bbox 663 4220 835 4265; x_wconf 80' lang='lat' dir='ltr'><strong>asservatur.</strong></span> <span class='ocrx_word' id='word_1_242' title='bbox 859 4211 1041 4284; x_wconf 82' lang='lat' dir='ltr'><strong>Hambonrg‚</strong></span> <span class='ocrx_word' id='word_1_243' title='bbox 1067 4213 1151 4272; x_wconf 78' lang='lat'><strong>1823,</strong></span> <span class='ocrx_word' id='word_1_244' title='bbox 1172 4209 1229 4262; x_wconf 67' lang='lat' dir='ltr'><strong>int</strong></span> <span class='ocrx_word' id='word_1_245' title='bbox 1247 4212 1282 4264; x_wconf 88' lang='lat' dir='ltr'><strong>de</strong></span> <span class='ocrx_word' id='word_1_246' title='bbox 1303 4211 1336 4264; x_wconf 79' lang='lat'><strong>54</strong></span> <span class='ocrx_word' id='word_1_247' title='bbox 1356 4229 1397 4281; x_wconf 86' lang='lat' dir='ltr'><strong>p.,</strong></span> 
     </span>
     <span class='ocr_line' id='line_1_33' title="bbox 279 4295 959 4367; baseline 0.004 -20"><span class='ocrx_word' id='word_1_248' title='bbox 279 4295 344 4367; x_wconf 86' lang='lat' dir='ltr'><strong>plns</strong></span> <span class='ocrx_word' id='word_1_249' title='bbox 360 4296 471 4367; x_wconf 79' lang='lat' dir='ltr'><strong>inpage</strong></span> <span class='ocrx_word' id='word_1_250' title='bbox 485 4303 635 4349; x_wconf 81' lang='lat' dir='ltr'><strong>contenent</strong></span> <span class='ocrx_word' id='word_1_251' title='bbox 650 4295 676 4348; x_wconf 89' lang='lat' dir='ltr'><strong>le</strong></span> <span class='ocrx_word' id='word_1_252' title='bbox 692 4295 840 4348; x_wconf 82' lang='lat' dir='ltr'><strong>lac-simile</strong></span> <span class='ocrx_word' id='word_1_253' title='bbox 854 4297 891 4349; x_wconf 91' lang='lat' dir='ltr'><strong>dn</strong></span> <span class='ocrx_word' id='word_1_254' title='bbox 906 4316 959 4350; x_wconf 85' lang='lat' dir='ltr'><strong>ms.</strong></span> 
     </span>
    </p>
   </div>
   <div class='ocr_carea' id='block_1_7' title="bbox 0 0 1602 5192">
    <p class='ocr_par' dir='ltr' id='par_1_10' title="bbox 0 0 1602 5192">
     <span class='ocr_line' id='line_1_34' title="bbox 0 0 1602 5192; baseline 0 0"><span class='ocrx_word' id='word_1_255' title='bbox 0 0 1602 5192; x_wconf 95' lang='lat' dir='ltr'><strong> </strong></span> 
     </span>
    </p>
   </div>
  </div>
 </body>
</html>
