3154 5190
127 428 188 477 1304
509 427 658 476 inultus
674 426 869 476 cannenses
1213 413 1243 474 aa

125 559 213 620 tens,
233 545 403 634 oppressit
427 558 459 609 et
486 544 694 620 defloravit¹,
722 544 907 632 genuitque
929 567 969 607 cx
989 567 1026 608 ea
1054 542 1140 608 filios
1159 541 1244 608 duos

125 648 253 713 scilicet
277 648 461 713 lohannem
484 660 516 712 ct
543 645 755 712 Balduinum.
784 647 837 712 Ob
866 645 956 736 quod
981 645 1102 723 scelus,
1129 657 1245 733 postea

126 773 192 815 non
204 751 303 837 longo
319 764 484 838 tempore,
506 761 605 838 caput
620 751 692 837 ejus
708 773 724 812 a
739 773 799 814 suo
810 773 949 838 corpore
965 761 1169 836 amputatum
1186 771 1246 836 per

125 877 240 917 omnes
274 853 368 916 villas
394 852 551 918 Flandrie
586 865 619 917 et
648 851 798 916 Hanonie
824 853 865 916 ab
887 851 1000 916 amicis
1033 864 1065 914 et
1093 849 1244 940 cognatis

123 954 336 1043 imperatoris
372 955 508 1018 missum
545 967 608 1030 est,
639 953 680 1019 ad
715 953 960 1020 ostendendum
993 953 1130 1043 populo,
1154 954 1245 1041 justo

120 1057 249 1145 judicio
269 1057 416 1122 occisum
433 1081 506 1121 esse
523 1056 607 1122 tanti
623 1057 778 1122 iocinoris
794 1070 1058 1146 perpetratorem
1070 1057 1094 1120 ².
1116 1057 1244 1144 Marga-

124 1172 193 1223 reta
209 1159 313 1250 igitur
332 1159 379 1223 sic
396 1160 532 1224 confusa
549 1171 582 1224 et
598 1159 771 1236 deflorata,
796 1160 923 1224 vivente
941 1158 1050 1225 adhuc
1061 1170 1175 1247 posteo
1188 1157 1242 1221 diu

122 1286 238 1327 sorore
268 1286 339 1338 sua,
372 1263 526 1326 maritum
563 1263 692 1350 accepit
722 1262 867 1326 nobilem
900 1262 1058 1326 baronem
1089 1261 1130 1324 de
1156 1272 1243 1324 terra

121 1363 335 1453 Burgundie‚
356 1364 517 1451 imparem
537 1377 647 1430 tamen
669 1363 734 1429 sibi
755 1364 991 1442 ineminentia
1009 1362 1195 1428 nobilitatis
1211 1375 1244 1426 et

121 1465 310 1556 dignitatis,
332 1467 517 1530 lohannem
535 1467 577 1532 de
600 1467 816 1556 Dampetral,
838 1467 894 1555 qui
920 1491 960 1530 ex
980 1490 1017 1530 ea
1038 1466 1155 1554 genuit
1176 1477 1244 1530 tres

122 1569 211 1634 lilios
231 1569 461 1648 Wilhelmum,
481 1568 667 1634 Guidonem
691 1583 722 1634 et
739 1571 938 1634 lohannem.

168 1674 318 1760 Cumque
334 1673 484 1736 Johanna
499 1673 571 1735 sine
584 1672 708 1736 herede
725 1671 767 1736 de
785 1695 883 1735 carue
899 1695 957 1736 sua
973 1671 1187 1749 decessisset,
1210 1684 1244 1736 et

121 1788 264 1862 uterque
297 1773 473 1838 comitatus
500 1774 675 1838 devolutus
708 1787 798 1839 esset
826 1775 866 1838 ad
904 1776 1138 1863 Margaretam,
1175 1775 1241 1862 jam

122 1878 241 1941 marito
268 1875 452 1952 viduatam,
476 1889 509 1940 et
534 1876 589 1940 illa
610 1875 776 1942 seniorem
799 1876 902 1940 lilium
931 1900 1025 1941 stuum
1056 1876 1241 1965 legitimum

120 1990 329 2067 proponeret
345 1977 503 2044 heredem
523 1992 558 2043 et
574 1978 761 2067 principem
781 1980 814 2043 in
836 1992 978 2067 utroque
994 1977 1150 2042 comitatu
1168 1991 1244 2066 post

119 2105 156 2144 se
177 2080 388 2169 relinquere:
408 2081 578 2154 lohannes
598 2080 821 2158 Avenncusis,
844 2081 957 2146 senior
976 2080 1062 2145 lilius
1077 2083 1147 2166 ejus
1169 2079 1241 2144 ille-

120 2182 272 2271 gitimus,
292 2181 498 2273 legitimatus
519 2196 627 2248 tamen
650 2183 773 2248 acui-ia
796 2187 961 2260 Romana,
985 2197 1019 2248 ut
1038 2182 1241 2254 asserebatl,

120 2285 264 2350 consilio
292 2299 510 2374 cognatorum
540 2309 674 2350 suorum
696 2309 736 2350 ex
758 2300 852 2374 parte
874 2285 979 2374 patris
1003 2299 1034 2350 et
1055 2284 1241 2362 Wilhelmi,

121 2387 255 2453 comitis
271 2387 461 2463 Hollandie,
482 2391 576 2475 cujus
597 2413 745 2452 sororem
770 2388 802 2452 in
825 2412 961 2453 uxorem
982 2387 1110 2465 habuit,
1133 2387 1188 2475 qui
1210 2400 1243 2450 et

120 2503 238 2577 postca
255 2515 312 2556 rex
330 2491 391 2555 suit
406 2490 620 2568 Alemannis,
646 2504 806 2555 eteorum
824 2490 963 2566 auxilio,
984 2490 1075 2554 litem
1092 2502 1125 2554 et
1142 2513 1242 2578 guer-

120 2617 192 2656 ram
214 2617 347 2682 gravem
373 2593 497 2681 incepit
517 2592 676 2658 adversus
705 2606 842 2657 matrem
868 2607 902 2657 et
929 2593 1047 2657 fratres
1074 2592 1242 2680 legitimos

119 2697 285 2775 uterinos,
310 2719 480 2771 asserens,
511 2719 545 2760 se
576 2708 612 2760 ut
636 2697 800 2761 seniorem
828 2695 931 2760 hlium
957 2708 991 2761 et
1021 2694 1241 2785 legitimatnm

120 2811 300 2886 utrumque
323 2799 514 2863 comitatum
538 2797 711 2884 possidere
739 2797 879 2876 debere,
903 2798 1051 2887 allegans
1076 2810 1109 2860 et
1133 2796 1240 2884 legem

119 2923 195 2964 esse
211 2914 244 2964 et
261 2924 469 2966 communem
488 2901 520 2964 iu
539 2899 695 2964 Flandria
716 2899 1006 2976 consuetudinem,
1025 2899 1152 2964 nullum
1171 2897 1258 2994 ille·⁸

118 3003 275 3092 gitimum
297 3002 400 3067 filium
425 3002 533 3067 solere
553 3004 660 3066 vocari
681 3027 721 3066 ex
742 3015 835 3089 parte
859 3001 972 3068 matris
992 3002 1025 3066 in
1056 3000 1240 3067 feodalibus

119 3106 236 3179 bonis,
264 3105 341 3170 dato
366 3105 456 3194 quod
482 3103 686 3190 legitimatus
712 3129 779 3169 uon
802 3105 929 3170 fuisset.
958 3104 1071 3180 Unde,
1101 3127 1173 3168 cum
1199 3102 1240 3168 lis

119 3207 181 3271 ista
199 3220 233 3271 et
247 3231 366 3299 guerra
384 3207 495 3295 aliquo
510 3220 662 3296 tempore
680 3208 951 3296 protenderetur,
971 3220 1004 3271 et
1019 3205 1240 3270 communiter

118 3334 236 3374 omnes
264 3309 395 3374 nobiles
434 3309 585 3374 Hauonie
617 3323 649 3374 ct
683 3310 786 3397 aliqui
822 3310 920 3375 ctiam
951 3309 1108 3374 Flandrie
1134 3311 1239 3399 magis

118 3412 262 3477 Johauni
284 3413 450 3490 faverent,
470 3425 598 3477 -erat
618 3411 704 3476 enim
724 3413 892 3476 animosus
910 3412 1018 3490 miles,
1041 3412 1188 3476 liberalis
1207 3425 1239 3474 et

149 3661 172 3708 1.
193 3661 227 3708 Le
239 3661 360 3709 minorita
373 3662 437 3710 n'est
452 3679 500 3725 pus
513 3662 592 3724 juste.
613 3663 750 3711 Boucherd
768 3663 908 3711 d'Avesnes
928 3667 1028 3726 eponae
1039 3663 1240 3726 publiquement

118 3722 278 3786 Murguerite
291 3724 322 3771 de
335 3724 559 3788 Constantinople¹
573 3742 604 3771 eri
620 3726 693 3779 tara.
708 3741 741 3772 au
754 3727 864 3772 chuteau
878 3725 913 3772 du
925 3726 1056 3787 Quesnoy,
1070 3742 1101 3772 en
1115 3726 1237 3773 Huinuut.

117 3787 158 3834 Cl.
172 3786 313 3840 oovrvrsn,
325 3791 360 3833 La
374 3787 483 3850 querelle
496 3791 540 3833 dea
551 3788 688 3834 d‘Aveauea
701 3788 942 3851 eldeaDampierre,
955 3794 973 3836 t.
989 3789 1008 3848 l,
1041 3825 1045 3834 .
1058 3791 1097 3835 59.

150 3849 173 3894 2.
193 3847 254 3895 Cela
266 3849 333 3896 n'est
347 3865 394 3912 pas
408 3856 490 3896 exact.
509 3849 647 3896 Bouchcrd
662 3851 802 3899 d'Avesnes
817 3859 921 3898 mourut
933 3850 965 3897 de
978 3804 1103 3906 maledie,
1120 3865 1153 3898 cu
1165 3867 1237 3898 ccm-

118 3917 282 3958 mencement
298 3911 329 3958 de
352 3913 425 3968 tata,
445 3928 474 3958 en
493 3911 612 3974 l'abbuye
624 3912 655 3958 dc
667 3914 871 3960 Clairelontuinc
884 3912 1118 3976 (arroudissement
1129 3913 1160 3961 de
1173 3914 1237 3961 Ver-

117 3973 196 4036 vine),
211 3977 244 4019 oti
256 3973 274 4020 il
288 3975 326 4022 lut
336 3973 451 4022 inhumd.
463 3975 604 4025 Duvrvrnu.
618 3980 636 4021 t.
649 3975 669 4028 l,
682 3991 707 4038 p.
722 3976 820 4023 tat-22.

150 4036 173 4082 3.
192 4034 266 4082 Lissa
282 4051 287 4082 :
303 4035 472 4084 Guillelmum
485 4037 516 4083 de
530 4037 680 4100 Dampetra.

150 4098 174 4144 li.
194 4098 227 4144 Le
248 4099 278 4144 25
297 4113 357 4147 nov.
372 4099 469 4148 latua
489 4098 588 4152 heims,
610 4100 725 4162 l'e'veque
744 4100 776 4146 de
797 4099 911 4147 Choloua
925 4099 1046 4147 etl'abbe
1064 4100 1096 4146 de
1114 4100 1237 4156 Messias,

118 4159 244 4220 delegate
257 4160 290 4206 du
304 4177 381 4223 pope,
395 4162 589 4223 proclam'creut
602 4161 626 4207 lu
643 4162 779 4224 lc'gitinrite'
793 4162 838 4208 des
851 4163 953 4208 entant*
970 4164 1015 4208 nes
1029 4162 1062 4208 du
1078 4162 1195 4224 mariage
1207 4163 1239 4208 de

119 4221 259 4268 Bouchnrd
274 4221 414 4270 ‹t'ai-esnes
426 4232 452 4270 et
464 4223 496 4270 de
509 4224 667 4285 Murguerite
680 4225 711 4272 de
722 4225 946 4286 Constantinople,
961 4231 987 4271 et
999 4225 1056 4272 leur
1067 4231 1187 4272 sentence
1201 4227 1238 4272 lut

118 4283 260 4331 confir-mee
273 4301 321 4347 par
333 4286 357 4332 le
369 4301 438 4349 pope
451 4287 576 4334 lunocent
588 4287 630 4342 lV,
643 4287 667 4334 le
681 4289 705 4335 17
719 4287 787 4334 avril
799 4287 868 4334 1151,
881 4287 1021 4345 Duvrvrnu,
1036 4288 1056 4344 l,
1071 4289 1170 4336 tao-99.
