3178 5192
115 451 176 500 1302
497 452 645 502 lunatas
664 449 858 506 GXNDENSES
1206 451 1236 498 17

114 568 155 632 de
176 569 244 633 suis
263 569 352 633 viros
376 567 579 645 industrios,
600 569 656 656 qui
676 567 904 632 communitati
923 568 956 632 in
978 567 1147 646 omnibus,
1170 592 1236 657 que

115 673 285 760 petebant,
303 670 525 735 amicabiliter
540 670 811 757 acquieverunt1,
829 683 862 733 et
880 671 942 734 hoc
965 695 1004 734 ne
1023 670 1234 748 Gaudenses,

114 771 201 837 sicut
218 776 422 862 Brugenses,
445 785 559 836 contra
582 797 693 862 regem
715 786 747 836 et
766 772 875 860 ipsum
892 771 1109 836 rebellarent.

157 879 250 940 Tunc
270 874 387 963 politia
409 874 476 939 sive
492 875 632 939 civilitas
654 873 845 941 Gandensis
863 888 987 939 mutata
1001 888 1063 939 est.
1079 879 1107 938 A
1126 874 1235 963 longis

113 978 201 1042 enim
222 979 430 1066 temporibus
449 978 579 1042 fuerant
596 980 628 1041 in
644 1002 681 1041 ea
701 979 862 1042 XXXIX.
881 977 1045 1052 scabini2,
1068 977 1110 1040 de
1132 979 1236 1064 majo·-

113 1081 204 1145 ribus
221 1093 254 1144 et
269 1079 505 1156 nobilioribus,
520 1079 575 1167 qui
590 1081 861 1144 communitatem
875 1079 970 1144 valde
987 1078 1232 1167 deprimebant,

113 1181 204 1246 etde
233 1183 333 1246 tertio
359 1183 393 1246 in
419 1183 553 1247 tertium
580 1207 703 1246 annum
730 1181 839 1246 villam
863 1183 1042 1269 regebant,
1066 1180 1235 1269 semelque

113 1309 170 1372 per
187 1297 291 1348 totam
308 1283 406 1348 vitam
429 1284 557 1350 scabini
579 1284 808 1351 remanebant.
834 1285 900 1349 Sed
923 1284 1079 1347 modoad
1099 1285 1235 1372 petitio-

115 1411 187 1450 nem
203 1387 469 1464 communitatiS,
491 1388 531 1451 ab
548 1388 619 1475 ipsa
640 1400 673 1450 et
693 1386 734 1450 de
749 1387 835 1474 ipsa,
859 1409 900 1450 ex
915 1398 1009 1472 parte
1027 1384 1114 1474 regis
1132 1387 1232 1450 Xlll.

113 1489 241 1552 scabini
255 1488 352 1552 electi
370 1501 459 1566 sunt,
480 1488 535 1576 qui
559 1512 625 1553 uno
646 1513 734 1553 anno
754 1487 866 1552 villam
890 1501 1046 1577 regerent
1066 1501 1099 1550 et
1119 1500 1233 1574 postea

112 1615 303 1678 numquam,
326 1591 391 1654 nisi
409 1592 519 1656 denuo
542 1591 757 1681 eligerentur.
787 1594 823 1655 ln
843 1591 965 1678 Brugis
984 1591 1083 1654 etiam
1104 1589 1234 1669 scabini

112 1705 143 1756 et
163 1706 312 1758 rectores
333 1695 374 1756 de
395 1693 633 1759 communitate
653 1695 754 1782 positi
770 1706 859 1757 sunt.

154 1799 235 1860 Post
251 1818 395 1884 pugnam
410 1795 608 1884 predictam,
627 1797 728 1860 tortio
742 1796 793 1859 vel
809 1792 928 1884 quarto
944 1795 1012 1872 die,
1032 1793 1234 1864 Wilhelmus

113 1897 309 1962 luliacensis
330 1909 362 1962 et
382 1901 499 1963 Petrus
514 1901 586 1962 Rex
605 1901 734 1989 Bruges
754 1898 877 1962 reversi
898 1909 976 1962 sunt
993 1911 1026 1962 et
1046 1922 1063 1960 a
1081 1900 1234 1986 Brugen-

112 2000 201 2064 sibus
215 2000 438 2065 amicabiliter
451 2000 588 2088 recepti.
607 2001 789 2089 Assumpto
807 2001 910 2090 igitur
924 2000 1125 2068 Wilhelmus
1143 2022 1234 2062 exer·

112 2103 176 2166 citu
193 2102 235 2166 de
258 2103 378 2190 Brugis
395 2116 427 2166 et
446 2101 806 2191 territorioBrugensi,
824 2102 914 2191 quod
935 2102 1066 2178 statim,
1086 2100 1234 2188 expulsis

111 2216 143 2267 et
157 2204 314 2294 effugatis
335 2203 504 2282 Liliardis,
523 2205 588 2269 sibi
604 2217 674 2268 toto
695 2205 796 2270 corde
814 2203 1007 2281 adherebat,
1027 2205 1232 2268 mansionem

112 2306 279 2395 quondam
297 2306 346 2370 avi
367 2307 417 2371 sui
436 2307 636 2376 Wincndale
657 2307 845 2385 obsidebat,
867 2305 1129 2394 relinquensque
1144 2305 1232 2370 circa

112 2433 180 2472 eam
198 2409 241 2473 de
258 2408 428 2474 territorio
442 2408 686 2474 sufficientibus
707 2408 786 2472 viris
807 2409 847 2473 ad
872 2407 1095 2473 obsidendum
1114 2407 1231 2494 —qni

113 2535 179 2574 eam
202 2523 332 2599 postea,
354 2511 440 2575 inlra
459 2525 529 2576 tres
542 2512 781 2591 hebdomadas,
806 2511 1041 2588 obtinuerunt,
1062 2509 1230 2588 omnibus,

112 2613 167 2701 qui
192 2637 233 2678 ex
258 2627 353 2705 parte
376 2614 466 2704 regis
491 2615 526 2678 in
555 2638 592 2677 ea
615 2627 722 2690 erant,
754 2638 828 2677 cum
854 2614 955 2678 rebus
979 2614 1018 2677 ad
1049 2637 1105 2677 eos
1128 2611 1233 2700 perti·

112 2715 282 2793 nentibuS,
309 2714 416 2780 libere
438 2715 528 2780 exire
554 2715 745 2804 permissis3
766 2741 833 2779 non
857 2717 944 2780 enim
967 2726 1232 2803 potuerunteam

111 2817 264 2882 obtinere
288 2817 464 2896 violenter,
489 2819 567 2906 quia
591 2819 652 2882 fuit
673 2819 753 2882 satis
771 2817 897 2882 munita
916 2839 1011 2882 ‘muro
1032 2818 1181 2881 latericio
1201 2830 1234 2880 et

113 2920 234 2984 l'ossato
244 2945 376 3010 magno,
390 2919 514 3009 -ipse
524 2945 597 2985 cum
607 2923 753 2986 exercitu
767 2945 826 2984 suo
836 2945 949 2984 versus
961 2933 1083 2984 terram
1101 2917 1233 3006 Slipcn·

112 3023 213 3100 sem3,
233 3024 453 3100 Furnensem,
472 3026 690 3112 Bergensem,
708 3025 1006 3113 Brugburgensem
1023 3020 1112 3086 circa
1132 3021 1230 3084 linem

141 3243 165 3289 1.
181 3244 252 3290 Nous
272 3257 385 3291 sommas
403 3245 475 3298 lixtis,
494 3245 525 3292 de
541 3245 567 3291 la
580 3245 696 3291 mani'ere
710 3245 735 3291 la
751 3246 811 3307 plus
824 3245 935 3306 precise,
955 3259 1001 3290 sur
1012 3245 1050 3290 les
1063 3244 1232 3291 concessione

112 3321 158 3366 que
171 3306 284 3370 Jacques
302 3306 333 3352 de
355 3306 487 3354 Chatillon
507 3307 619 3354 accorda
639 3325 672 3354 uu
693 3309 789 3370 peuple
811 3307 842 3352 de
860 3307 944 3362 Gonu,
980 3322 1010 3352 ar
1027 3307 1102 3353 l'acte
1122 3307 1184 3369 qu'il
1203 3307 1233 3353 fit

113 3368 203 3415 sceller
221 3373 279 3416 ace
298 3369 372 3432 sajet,
386 3373 401 3415 a
415 3368 544 3424 Courtrai,
565 3371 588 3416 le
607 3371 632 3416 ll
649 3371 699 3416 mai
717 3370 787 3418 1302.
806 3369 938 3417 Chatillon
970 3369 1056 3415 eclara
1071 3384 1075 3415 ε
1091 3369 1115 3414 1⁰
1131 3385 1181 3430 que
1193 3369 1231 3416 les

112 3428 217 3478 Gantois
231 3430 405 3478 rentreruient
417 3447 448 3479 en
462 3433 487 3479 la
503 3449 582 3495 grace
595 3432 629 3478 du
643 3432 689 3479 noi
702 3438 727 3478 et
739 3447 770 3478 en
780 3433 806 3479 la
817 3431 915 3492 sienne,
930 3433 1003 3479 sauls
1017 3448 1104 3494 corps,
1120 3431 1193 3478 biens
1208 3438 1233 3478 et

131 3493 266 3555 rivilbges;
278 3495 303 3540 2⁰
313 3509 363 3556 quo
376 3495 414 3540 les
423 3496 451 3540 13
465 3495 586 3541 e'chevins
598 3501 623 3541 et
633 3495 671 3542 les
680 3495 710 3541 13
722 3494 875 3542 conseillers
887 3494 930 3556 qui
942 3494 1047 3540 avaient
1060 3493 1107 3540 fait
1122 3493 1233 3540 retablir

112 3507 136 3600 li
149 3556 254 3602 multote
268 3557 420 3619 supprimas
433 3573 482 3619 par
495 3556 518 3604 le
534 3557 581 3605 Roi
594 3573 626 3604 ne
641 3557 795 3620 pourruient
807 3557 866 3619 plus
880 3560 934 3603 etre
948 3559 1056 3619 appeles
1070 3572 1119 3603 aux
1133 3559 1231 3602 memes

113 3617 251 3674 functicum
270 3619 294 3664 3ο
307 3635 357 3681 que
374 3626 433 3666 tous
453 3617 527 3666 biens
546 3635 578 3666 ou
599 3619 731 3682 herilagec
750 3618 786 3666 sis
807 3635 837 3666 en
851 3620 876 3665 la
890 3617 952 3666 ville
966 3635 997 3666 nc
1011 3619 1164 3682 pourraient
1177 3622 1231 3664 ttre

113 3675 199 3741 acquin
212 3677 359 3728 denormaiu
378 3697 427 3743 que
442 3696 492 3744 par
510 3698 544 3728 un
565 3682 679 3730 membre
691 3677 723 3728 de
744 3683 768 3728 la
787 3693 940 3736 commune:
954 3681 980 3727 1ο
997 3695 1047 3744 que
1067 3677 1105 3727 les
1123 3677 1231 3728 Gantois

113 3743 264 3802 pourraient
277 3757 382 3790 exercet·
394 3739 534 3791 librement
550 3747 608 3790 tout
622 3757 781 3800 commerec;
802 3747 827 3790 5·
838 3758 888 3806 que
900 3743 999 3792 Wetins
1016 3745 1047 3790 dc
1061 3744 1084 3790 le
1102 3743 1171 3790 Mors
1187 3746 1231 3800 (un

113 3803 260 3852 adversuire
271 3805 305 3853 du
334 3803 384 3853 arti
395 3805 545 3870 populaire)
558 3823 589 3852 ne
602 3806 723 3868 pourrait
734 3805 827 3869 iumais
842 3812 943 3853 rcntrer
953 3806 1019 3852 dans
1033 3806 1057 3852 la
1069 3802 1138 3852 ville.
1154 3805 1230 3853 Publ.

112 3875 159 3927 par
171 3863 204 3914 ll.
217 3865 249 3914 da
261 3823 517 3931 leburg-Stirum,
532 3865 619 3916 Codex
631 3863 819 3931 diplomaticae,
835 3865 856 3925 1,
874 3865 928 3914 1409.

143 3929 164 3975 1.
182 3929 218 3976 La
234 3931 300 3978 lutto
314 3933 360 3978 dea
381 3931 498 3980 XXXIX.
520 3937 675 3994 composant
691 3931 868 3993 l'echevinage
888 3929 992 3992 gantois
1012 3935 1101 3976 contre
1118 3929 1142 3986 le
1181 3929 1232 3976 arti

113 3988 406 4117 llll¹lllll0⁰·¹ldl¹l
423 3995 463 4103 {tl
476 3943 1232 4118 ttiltttl'tttlttlltttltllltltttltl‘l}

295 4089 300 4112 ,
837 4091 839 4099 ,

114 4115 243 4164 Memoires
254 4133 299 4163 aar
309 4117 344 4164 lea
357 4118 405 4164 lois
417 4118 461 4164 dea
475 4118 594 4174 Gantois;
609 4118 692 4175 Gand,
707 4119 777 4174 1817,
790 4115 804 4164 2
818 4114 869 4164 vol.
882 4119 945 4164 in-a.

142 4179 164 4224 3.
183 4193 194 4224 ιι
209 4173 356 4243 Stipenaem
369 4193 391 4238 ιι,
404 4177 466 4227 telle
477 4181 516 4227 eut
528 4181 553 4227 la
567 4175 640 4240 leqon
653 4175 688 4228 du
699 4193 748 4227 ms.
761 4181 792 4227 de
806 4175 880 4229 (land
896 4179 968 4227 aussi
982 4179 1042 4226 bien
1060 4191 1109 4241 que
1122 4177 1154 4224 ds
1170 4173 1230 4223 l'ed.

114 4237 143 4284 de
156 4241 317 4305 llambourg.
331 4243 352 4290 ll
371 4244 426 4290 faut
447 4242 497 4290 lire
516 4257 577 4289 sana
590 4243 669 4290 doute
682 4259 694 4290 ιι
711 4245 855 4306 Yprenaem
869 4257 890 4289 u.
905 4243 926 4291 ll
939 4241 1018 4306 s'agit
1027 4241 1072 4288 des
1086 4239 1231 4288 territoires

114 4293 228 4364 dlpmn,
242 4299 350 4363 Furnos,
365 4303 480 4368 Bergues
492 4307 517 4352 et
530 4299 695 4367 Bourbourg.
