<?xml version="1.0" encoding="UTF-8"?>
<!DOCTYPE html PUBLIC "-//W3C//DTD XHTML 1.0 Transitional//EN"
    "http://www.w3.org/TR/xhtml1/DTD/xhtml1-transitional.dtd">
<html xmlns="http://www.w3.org/1999/xhtml" xml:lang="en" lang="en">
 <head>
  <title>
</title>
<meta http-equiv="Content-Type" content="text/html;charset=utf-8" />
  <meta name='ocr-system' content='tesseract 3.04.00' />
  <meta name='ocr-capabilities' content='ocr_page ocr_carea ocr_par ocr_line ocrx_word'/>
</head>
<body>
  <div class='ocr_page' id='page_1' title='image "./annalesgandense00funcgoog_0131.png"; bbox 0 0 3154 5190; ppageno 0'>
   <div class='ocr_carea' id='block_1_1' title="bbox 123 437 1245 494">
    <p class='ocr_par' dir='ltr' id='par_1_1' title="bbox 123 437 1245 494">
     <span class='ocr_line' id='line_1_1' title="bbox 123 437 1245 494; baseline -0.002 -2"><span class='ocrx_word' id='word_1_1' title='bbox 123 445 188 494; x_wconf 78' lang='lat' dir='ltr'><strong>tuot</strong></span> <span class='ocrx_word' id='word_1_2' title='bbox 507 443 656 494; x_wconf 72' lang='lat' dir='ltr'><strong>ANNALES</strong></span> <span class='ocrx_word' id='word_1_3' title='bbox 673 442 867 494; x_wconf 75' lang='lat' dir='ltr'><strong>Gtuunusus</strong></span> <span class='ocrx_word' id='word_1_4' title='bbox 1216 437 1245 490; x_wconf 82' lang='grc'><strong>73</strong></span> 
     </span>
    </p>
   </div>
   <div class='ocr_carea' id='block_1_2' title="bbox 119 559 1310 2580">
    <p class='ocr_par' dir='ltr' id='par_1_2' title="bbox 119 559 1246 2399">
     <span class='ocr_line' id='line_1_2' title="bbox 124 559 1245 651; baseline -0.003 -25"><span class='ocrx_word' id='word_1_5' title='bbox 124 585 262 627; x_wconf 90' lang='lat' dir='ltr'><strong>suornm</strong></span> <span class='ocrx_word' id='word_1_6' title='bbox 287 576 320 627; x_wconf 90' lang='lat' dir='ltr'><strong>et</strong></span> <span class='ocrx_word' id='word_1_7' title='bbox 340 559 439 628; x_wconf 87' lang='lat' dir='ltr'><strong>etiam</strong></span> <span class='ocrx_word' id='word_1_8' title='bbox 459 560 621 632; x_wconf 85' lang='lat' dir='ltr'><strong>bostium.</strong></span> <span class='ocrx_word' id='word_1_9' title='bbox 641 561 792 648; x_wconf 85' lang='lat' dir='ltr'><strong>Cumque</strong></span> <span class='ocrx_word' id='word_1_10' title='bbox 808 562 855 626; x_wconf 90' lang='lat' dir='ltr'><strong>sic</strong></span> <span class='ocrx_word' id='word_1_11' title='bbox 874 561 976 651; x_wconf 87' lang='lat' dir='ltr'><strong>longo</strong></span> <span class='ocrx_word' id='word_1_12' title='bbox 994 572 1143 648; x_wconf 87' lang='lat' dir='ltr'><strong>tempore</strong></span> <span class='ocrx_word' id='word_1_13' title='bbox 1160 560 1245 624; x_wconf 81' lang='lat' dir='ltr'><strong>tales</strong></span> 
     </span>
     <span class='ocr_line' id='line_1_3' title="bbox 123 662 1246 754; baseline -0.001 -25"><span class='ocrx_word' id='word_1_14' title='bbox 123 664 345 754; x_wconf 75' lang='lat' dir='ltr'><strong>particulares</strong></span> <span class='ocrx_word' id='word_1_15' title='bbox 362 688 474 754; x_wconf 82' lang='lat' dir='ltr'>pugne</span> <span class='ocrx_word' id='word_1_16' title='bbox 495 665 583 729; x_wconf 90' lang='lat' dir='ltr'><strong>inter</strong></span> <span class='ocrx_word' id='word_1_17' title='bbox 598 664 712 728; x_wconf 84' lang='lat' dir='ltr'><strong>hostes</strong></span> <span class='ocrx_word' id='word_1_18' title='bbox 730 663 866 744; x_wconf 88' lang='lat' dir='ltr'><strong>fierent,</strong></span> <span class='ocrx_word' id='word_1_19' title='bbox 884 687 949 752; x_wconf 90' lang='lat' dir='ltr'><strong>que</strong></span> <span class='ocrx_word' id='word_1_20' title='bbox 968 663 1073 753; x_wconf 84' lang='lat' dir='ltr'><strong>magis</strong></span> <span class='ocrx_word' id='word_1_21' title='bbox 1093 662 1246 752; x_wconf 85' lang='lat' dir='ltr'><strong>preludia</strong></span> 
     </span>
     <span class='ocr_line' id='line_1_4' title="bbox 122 767 1244 858; baseline 0 -26"><span class='ocrx_word' id='word_1_22' title='bbox 122 767 205 833; x_wconf 89' lang='lat' dir='ltr'><strong>belli</strong></span> <span class='ocrx_word' id='word_1_23' title='bbox 224 793 322 858; x_wconf 89' lang='lat' dir='ltr'><strong>quam</strong></span> <span class='ocrx_word' id='word_1_24' title='bbox 347 767 436 832; x_wconf 89' lang='lat' dir='ltr'><strong>bella</strong></span> <span class='ocrx_word' id='word_1_25' title='bbox 458 780 535 832; x_wconf 88' lang='lat' dir='ltr'><strong>sunt</strong></span> <span class='ocrx_word' id='word_1_26' title='bbox 559 767 720 847; x_wconf 89' lang='lat' dir='ltr'><strong>vocanda,</strong></span> <span class='ocrx_word' id='word_1_27' title='bbox 747 781 898 856; x_wconf 87' lang='lat' dir='ltr'><strong>exparte</strong></span> <span class='ocrx_word' id='word_1_28' title='bbox 920 768 1008 858; x_wconf 80' lang='lat' dir='ltr'><strong>regis</strong></span> <span class='ocrx_word' id='word_1_29' title='bbox 1029 767 1171 856; x_wconf 87' lang='lat' dir='ltr'><strong>petitum</strong></span> <span class='ocrx_word' id='word_1_30' title='bbox 1196 791 1244 832; x_wconf 89' lang='lat' dir='ltr'><strong>es·</strong></span> 
     </span>
     <span class='ocr_line' id='line_1_5' title="bbox 121 869 1244 958; baseline -0.004 -21"><span class='ocrx_word' id='word_1_31' title='bbox 121 895 198 937; x_wconf 90' lang='lat' dir='ltr'><strong>cum</strong></span> <span class='ocrx_word' id='word_1_32' title='bbox 224 871 366 936; x_wconf 86' lang='lat' dir='ltr'><strong>maximo</strong></span> <span class='ocrx_word' id='word_1_33' title='bbox 385 871 476 948; x_wconf 90' lang='lat' dir='ltr'><strong>dolo,</strong></span> <span class='ocrx_word' id='word_1_34' title='bbox 495 884 531 935; x_wconf 88' lang='lat' dir='ltr'><strong>ut</strong></span> <span class='ocrx_word' id='word_1_35' title='bbox 548 869 589 934; x_wconf 91' lang='lat' dir='ltr'><strong>de</strong></span> <span class='ocrx_word' id='word_1_36' title='bbox 616 894 698 958; x_wconf 89' lang='lat' dir='ltr'><strong>pace</strong></span> <span class='ocrx_word' id='word_1_37' title='bbox 726 883 886 938; x_wconf 86' lang='lat' dir='ltr'><strong>tractatus</strong></span> <span class='ocrx_word' id='word_1_38' title='bbox 909 871 1100 936; x_wconf 82' lang='lat' dir='ltr'><strong>haberetur.</strong></span> <span class='ocrx_word' id='word_1_39' title='bbox 1124 870 1244 936; x_wconf 86' lang='lat' dir='ltr'><strong>Fland·</strong></span> 
     </span>
     <span class='ocr_line' id='line_1_6' title="bbox 122 973 1244 1063; baseline 0.001 -25"><span class='ocrx_word' id='word_1_40' title='bbox 122 998 240 1040; x_wconf 89' lang='lat' dir='ltr'><strong>renses</strong></span> <span class='ocrx_word' id='word_1_41' title='bbox 259 973 374 1063; x_wconf 84' lang='lat' dir='ltr'><strong>igitur,</strong></span> <span class='ocrx_word' id='word_1_42' title='bbox 399 973 455 1063; x_wconf 90' lang='lat' dir='ltr'><strong>qui</strong></span> <span class='ocrx_word' id='word_1_43' title='bbox 482 997 614 1062; x_wconf 84' lang='lat' dir='ltr'><strong>semper</strong></span> <span class='ocrx_word' id='word_1_44' title='bbox 641 997 756 1063; x_wconf 85' lang='lat' dir='ltr'><strong>pacem</strong></span> <span class='ocrx_word' id='word_1_45' title='bbox 780 973 1033 1051; x_wconf 79' lang='lat' dir='ltr'><strong>desiderabant,</strong></span> <span class='ocrx_word' id='word_1_46' title='bbox 1063 975 1097 1038; x_wconf 90' lang='lat' dir='ltr'><strong>in</strong></span> <span class='ocrx_word' id='word_1_47' title='bbox 1120 985 1244 1039; x_wconf 81' lang='lat' dir='ltr'><strong>tracta·</strong></span> 
     </span>
     <span class='ocr_line' id='line_1_7' title="bbox 120 1075 1243 1166; baseline 0 -25"><span class='ocrx_word' id='word_1_48' title='bbox 120 1090 193 1142; x_wconf 91' lang='lat' dir='ltr'><strong>tum</strong></span> <span class='ocrx_word' id='word_1_49' title='bbox 209 1089 469 1142; x_wconf 86' lang='lat' dir='ltr'><strong>consenserunt.</strong></span> <span class='ocrx_word' id='word_1_50' title='bbox 495 1076 563 1142; x_wconf 90' lang='lat' dir='ltr'><strong>Sed</strong></span> <span class='ocrx_word' id='word_1_51' title='bbox 583 1075 662 1140; x_wconf 91' lang='lat' dir='ltr'><strong>dum</strong></span> <span class='ocrx_word' id='word_1_52' title='bbox 682 1076 724 1140; x_wconf 85' lang='lat' dir='ltr'><strong>dc</strong></span> <span class='ocrx_word' id='word_1_53' title='bbox 744 1100 825 1164; x_wconf 88' lang='lat' dir='ltr'><strong>pace</strong></span> <span class='ocrx_word' id='word_1_54' title='bbox 847 1076 934 1142; x_wconf 88' lang='lat' dir='ltr'><strong>inter</strong></span> <span class='ocrx_word' id='word_1_55' title='bbox 952 1089 1065 1166; x_wconf 86' lang='lat' dir='ltr'><strong>partes</strong></span> <span class='ocrx_word' id='word_1_56' title='bbox 1086 1089 1243 1142; x_wconf 81' lang='lat' dir='ltr'><strong>tractare·</strong></span> 
     </span>
     <span class='ocr_line' id='line_1_8' title="bbox 120 1177 1243 1267; baseline -0.002 -23"><span class='ocrx_word' id='word_1_57' title='bbox 120 1191 190 1259; x_wconf 92' lang='lat' dir='ltr'><strong>tur,</strong></span> <span class='ocrx_word' id='word_1_58' title='bbox 213 1193 246 1245; x_wconf 89' lang='lat' dir='ltr'><strong>et</strong></span> <span class='ocrx_word' id='word_1_59' title='bbox 260 1180 293 1244; x_wconf 90' lang='lat' dir='ltr'><strong>in</strong></span> <span class='ocrx_word' id='word_1_60' title='bbox 310 1192 451 1267; x_wconf 86' lang='lat' dir='ltr'><strong>utraque</strong></span> <span class='ocrx_word' id='word_1_61' title='bbox 470 1177 539 1244; x_wconf 88' lang='lat' dir='ltr'><strong>acie</strong></span> <span class='ocrx_word' id='word_1_62' title='bbox 555 1191 644 1244; x_wconf 89' lang='lat' dir='ltr'><strong>esset</strong></span> <span class='ocrx_word' id='word_1_63' title='bbox 664 1179 916 1267; x_wconf 81' lang='lat' dir='ltr'><strong>proclamatum,</strong></span> <span class='ocrx_word' id='word_1_64' title='bbox 937 1179 1028 1266; x_wconf 93' lang='lat' dir='ltr'><strong>quod</strong></span> <span class='ocrx_word' id='word_1_65' title='bbox 1044 1203 1159 1244; x_wconf 88' lang='lat' dir='ltr'><strong>omnes</strong></span> <span class='ocrx_word' id='word_1_66' title='bbox 1181 1193 1243 1244; x_wconf 86' lang='lat' dir='ltr'><strong>stn-</strong></span> 
     </span>
     <span class='ocr_line' id='line_1_9' title="bbox 122 1280 1243 1371; baseline -0.001 -24"><span class='ocrx_word' id='word_1_67' title='bbox 122 1295 199 1348; x_wconf 88' lang='lat' dir='ltr'><strong>rent</strong></span> <span class='ocrx_word' id='word_1_68' title='bbox 214 1283 247 1347; x_wconf 90' lang='lat' dir='ltr'><strong>in</strong></span> <span class='ocrx_word' id='word_1_69' title='bbox 268 1282 393 1370; x_wconf 88' lang='lat' dir='ltr'><strong>quiete,</strong></span> <span class='ocrx_word' id='word_1_70' title='bbox 416 1294 450 1347; x_wconf 85' lang='lat' dir='ltr'><strong>et</strong></span> <span class='ocrx_word' id='word_1_71' title='bbox 463 1305 549 1346; x_wconf 87' lang='lat' dir='ltr'><strong>unus</strong></span> <span class='ocrx_word' id='word_1_72' title='bbox 564 1280 661 1346; x_wconf 90' lang='lat' dir='ltr'><strong>alteri</strong></span> <span class='ocrx_word' id='word_1_73' title='bbox 681 1303 748 1345; x_wconf 90' lang='lat' dir='ltr'><strong>non</strong></span> <span class='ocrx_word' id='word_1_74' title='bbox 764 1295 926 1347; x_wconf 91' lang='lat' dir='ltr'><strong>noceret:</strong></span> <span class='ocrx_word' id='word_1_75' title='bbox 945 1305 1013 1358; x_wconf 88' lang='lat' dir='ltr'><strong>rex,</strong></span> <span class='ocrx_word' id='word_1_76' title='bbox 1031 1281 1133 1367; x_wconf 91' lang='lat' dir='ltr'><strong>quiin</strong></span> <span class='ocrx_word' id='word_1_77' title='bbox 1153 1283 1243 1371; x_wconf 90' lang='lat' dir='ltr'><strong>equi·</strong></span> 
     </span>
     <span class='ocr_line' id='line_1_10' title="bbox 119 1383 1243 1473; baseline 0 -25"><span class='ocrx_word' id='word_1_78' title='bbox 119 1385 213 1451; x_wconf 90' lang='lat' dir='ltr'><strong>tibus</strong></span> <span class='ocrx_word' id='word_1_79' title='bbox 229 1385 432 1463; x_wconf 86' lang='lat' dir='ltr'><strong>abundabat,</strong></span> <span class='ocrx_word' id='word_1_80' title='bbox 451 1407 550 1450; x_wconf 91' lang='lat' dir='ltr'><strong>unam</strong></span> <span class='ocrx_word' id='word_1_81' title='bbox 566 1383 671 1449; x_wconf 86' lang='lat' dir='ltr'><strong>aciem</strong></span> <span class='ocrx_word' id='word_1_82' title='bbox 686 1384 835 1473; x_wconf 86' lang='lat' dir='ltr'><strong>equitum</strong></span> <span class='ocrx_word' id='word_1_83' title='bbox 849 1409 923 1449; x_wconf 93' lang='lat' dir='ltr'><strong>cum</strong></span> <span class='ocrx_word' id='word_1_84' title='bbox 941 1383 1054 1450; x_wconf 89' lang='lat' dir='ltr'><strong>multis</strong></span> <span class='ocrx_word' id='word_1_85' title='bbox 1070 1385 1243 1473; x_wconf 86' lang='lat' dir='ltr'><strong>peditibus</strong></span> 
     </span>
     <span class='ocr_line' id='line_1_11' title="bbox 121 1475 1243 1554; baseline -0.001 -1"><span class='ocrx_word' id='word_1_86' title='bbox 121 1489 214 1553; x_wconf 90' lang='lat' dir='ltr'><strong>misit</strong></span> <span class='ocrx_word' id='word_1_87' title='bbox 227 1512 343 1554; x_wconf 90' lang='lat' dir='ltr'><strong>versus</strong></span> <span class='ocrx_word' id='word_1_88' title='bbox 366 1487 538 1554; x_wconf 89' lang='lat' dir='ltr'><strong>sinistrum</strong></span> <span class='ocrx_word' id='word_1_89' title='bbox 558 1475 648 1552; x_wconf 88' lang='lat' dir='ltr'><strong>latus</strong></span> <span class='ocrx_word' id='word_1_90' title='bbox 669 1486 834 1553; x_wconf 87' lang='lat' dir='ltr'><strong>exercitus</strong></span> <span class='ocrx_word' id='word_1_91' title='bbox 853 1487 1069 1552; x_wconf 86' lang='lat' dir='ltr'><strong>Flandrensis</strong></span> <span class='ocrx_word' id='word_1_92' title='bbox 1090 1501 1122 1552; x_wconf 90' lang='lat' dir='ltr'><strong>et</strong></span> <span class='ocrx_word' id='word_1_93' title='bbox 1145 1488 1243 1552; x_wconf 85' lang='lat' dir='ltr'><strong>aliam</strong></span> 
     </span>
     <span class='ocr_line' id='line_1_12' title="bbox 119 1588 1242 1679; baseline 0 -25"><span class='ocrx_word' id='word_1_94' title='bbox 119 1615 237 1656; x_wconf 90' lang='lat' dir='ltr'><strong>versus</strong></span> <span class='ocrx_word' id='word_1_95' title='bbox 255 1591 420 1668; x_wconf 85' lang='lat' dir='ltr'><strong>dextram,</strong></span> <span class='ocrx_word' id='word_1_96' title='bbox 442 1588 536 1679; x_wconf 89' lang='lat' dir='ltr'><strong>quasi</strong></span> <span class='ocrx_word' id='word_1_97' title='bbox 557 1613 617 1678; x_wconf 90' lang='lat' dir='ltr'><strong>per</strong></span> <span class='ocrx_word' id='word_1_98' title='bbox 635 1613 692 1655; x_wconf 90' lang='lat' dir='ltr'><strong>eos</strong></span> <span class='ocrx_word' id='word_1_99' title='bbox 706 1588 969 1656; x_wconf 87' lang='lat' dir='ltr'><strong>Flandrensibus</strong></span> <span class='ocrx_word' id='word_1_100' title='bbox 988 1613 1005 1654; x_wconf 90' lang='lat' dir='ltr'><strong>a</strong></span> <span class='ocrx_word' id='word_1_101' title='bbox 1024 1603 1120 1679; x_wconf 85' lang='lat' dir='ltr'><strong>tergo</strong></span> <span class='ocrx_word' id='word_1_102' title='bbox 1140 1614 1242 1654; x_wconf 91' lang='lat' dir='ltr'><strong>noce·</strong></span> 
     </span>
     <span class='ocr_line' id='line_1_13' title="bbox 120 1691 1243 1782; baseline -0.001 -24"><span class='ocrx_word' id='word_1_103' title='bbox 120 1706 184 1760; x_wconf 89' lang='lat' dir='ltr'><strong>ret.</strong></span> <span class='ocrx_word' id='word_1_104' title='bbox 218 1693 284 1778; x_wconf 92' lang='lat' dir='ltr'><strong>Qui</strong></span> <span class='ocrx_word' id='word_1_105' title='bbox 316 1693 430 1760; x_wconf 90' lang='lat' dir='ltr'><strong>dolum</strong></span> <span class='ocrx_word' id='word_1_106' title='bbox 463 1705 724 1782; x_wconf 81' lang='lat' dir='ltr'><strong>cognoscentes,</strong></span> <span class='ocrx_word' id='word_1_107' title='bbox 764 1691 904 1757; x_wconf 87' lang='lat' dir='ltr'><strong>ulterius</strong></span> <span class='ocrx_word' id='word_1_108' title='bbox 941 1693 976 1756; x_wconf 90' lang='lat' dir='ltr'><strong>in</strong></span> <span class='ocrx_word' id='word_1_109' title='bbox 1010 1691 1123 1781; x_wconf 90' lang='lat' dir='ltr'><strong>quiete</strong></span> <span class='ocrx_word' id='word_1_110' title='bbox 1156 1704 1243 1757; x_wconf 85' lang='lat' dir='ltr'><strong>stare</strong></span> 
     </span>
     <span class='ocr_line' id='line_1_14' title="bbox 121 1789 1242 1884; baseline -0.002 -22"><span class='ocrx_word' id='word_1_111' title='bbox 121 1797 288 1876; x_wconf 89' lang='lat' dir='ltr'><strong>nolentes,</strong></span> <span class='ocrx_word' id='word_1_112' title='bbox 309 1797 395 1861; x_wconf 90' lang='lat' dir='ltr'><strong>sicut</strong></span> <span class='ocrx_word' id='word_1_113' title='bbox 408 1789 501 1884; x_wconf 87' lang='lat' dir='ltr'><strong>prius</strong></span> <span class='ocrx_word' id='word_1_114' title='bbox 517 1819 666 1884; x_wconf 88' lang='lat' dir='ltr'><strong>pugnare</strong></span> <span class='ocrx_word' id='word_1_115' title='bbox 678 1808 851 1882; x_wconf 85' lang='lat' dir='ltr'><strong>ceperunt.</strong></span> <span class='ocrx_word' id='word_1_116' title='bbox 868 1794 968 1862; x_wconf 90' lang='lat' dir='ltr'><strong>Venit</strong></span> <span class='ocrx_word' id='word_1_117' title='bbox 983 1807 1092 1860; x_wconf 87' lang='lat' dir='ltr'><strong>autem</strong></span> <span class='ocrx_word' id='word_1_118' title='bbox 1107 1796 1242 1884; x_wconf 86' lang='lat' dir='ltr'><strong>quidem</strong></span> 
     </span>
     <span class='ocr_line' id='line_1_15' title="bbox 120 1898 1242 1989; baseline -0.002 -25"><span class='ocrx_word' id='word_1_119' title='bbox 120 1924 225 1989; x_wconf 89' lang='lat' dir='ltr'><strong>eques</strong></span> <span class='ocrx_word' id='word_1_120' title='bbox 252 1901 293 1966; x_wconf 91' lang='lat' dir='ltr'><strong>de</strong></span> <span class='ocrx_word' id='word_1_121' title='bbox 318 1899 466 1964; x_wconf 86' lang='lat' dir='ltr'><strong>exercitu</strong></span> <span class='ocrx_word' id='word_1_122' title='bbox 495 1899 584 1988; x_wconf 84' lang='lat' dir='ltr'><strong>regis</strong></span> <span class='ocrx_word' id='word_1_123' title='bbox 616 1922 691 1964; x_wconf 88' lang='lat' dir='ltr'><strong>cum</strong></span> <span class='ocrx_word' id='word_1_124' title='bbox 721 1898 904 1963; x_wconf 79' lang='lat' dir='ltr'><strong>fortissimo</strong></span> <span class='ocrx_word' id='word_1_125' title='bbox 928 1921 1014 1986; x_wconf 89' lang='lat' dir='ltr'><strong>equo</strong></span> <span class='ocrx_word' id='word_1_126' title='bbox 1046 1910 1078 1962; x_wconf 90' lang='lat' dir='ltr'><strong>et</strong></span> <span class='ocrx_word' id='word_1_127' title='bbox 1116 1898 1242 1986; x_wconf 86' lang='lat' dir='ltr'><strong>optimo</strong></span> 
     </span>
     <span class='ocr_line' id='line_1_16' title="bbox 120 1999 1243 2094; baseline -0.003 -27"><span class='ocrx_word' id='word_1_128' title='bbox 120 2016 279 2081; x_wconf 69' lang='lat' dir='ltr'><strong>armatuS,</strong></span> <span class='ocrx_word' id='word_1_129' title='bbox 298 2001 404 2094; x_wconf 82' lang='lat' dir='ltr'><strong>signis</strong></span> <span class='ocrx_word' id='word_1_130' title='bbox 424 1999 553 2067; x_wconf 89' lang='lat' dir='ltr'><strong>bellicis</strong></span> <span class='ocrx_word' id='word_1_131' title='bbox 573 1999 706 2066; x_wconf 86' lang='lat' dir='ltr'><strong>comitis</strong></span> <span class='ocrx_word' id='word_1_132' title='bbox 736 2014 872 2065; x_wconf 89' lang='lat' dir='ltr'><strong>ornatus</strong></span> <span class='ocrx_word' id='word_1_133' title='bbox 899 1999 1079 2080; x_wconf 89' lang='lat' dir='ltr'><strong>Sabaudie,</strong></span> <span class='ocrx_word' id='word_1_134' title='bbox 1097 2000 1243 2066; x_wconf 84' lang='lat' dir='ltr'><strong>clamans</strong></span> 
     </span>
     <span class='ocr_line' id='line_1_17' title="bbox 121 2101 1243 2192; baseline -0.003 -21"><span class='ocrx_word' id='word_1_135' title='bbox 121 2106 259 2171; x_wconf 87' lang='lat' dir='ltr'><strong>dolose:</strong></span> <span class='ocrx_word' id='word_1_136' title='bbox 281 2132 298 2167; x_wconf 79' lang='lat' dir='ltr'><strong>a</strong></span> <span class='ocrx_word' id='word_1_137' title='bbox 316 2104 401 2169; x_wconf 83' lang='lat' dir='ltr'><strong>Pax!</strong></span> <span class='ocrx_word' id='word_1_138' title='bbox 418 2103 503 2169; x_wconf 84' lang='lat' dir='ltr'><strong>Pax!</strong></span> <span class='ocrx_word' id='word_1_139' title='bbox 523 2129 554 2183; x_wconf 82' lang='lat' dir='ltr'><strong>n,</strong></span> <span class='ocrx_word' id='word_1_140' title='bbox 577 2127 675 2192; x_wconf 85' lang='lat' dir='ltr'><strong>quem</strong></span> <span class='ocrx_word' id='word_1_141' title='bbox 692 2102 928 2182; x_wconf 83' lang='lat' dir='ltr'><strong>Flaudrenses,</strong></span> <span class='ocrx_word' id='word_1_142' title='bbox 945 2103 1071 2168; x_wconf 91' lang='lat' dir='ltr'><strong>dictum</strong></span> <span class='ocrx_word' id='word_1_143' title='bbox 1088 2101 1243 2168; x_wconf 86' lang='lat' dir='ltr'><strong>comitem</strong></span> 
     </span>
     <span class='ocr_line' id='line_1_18' title="bbox 120 2204 1243 2287; baseline -0.002 -15"><span class='ocrx_word' id='word_1_144' title='bbox 120 2231 194 2272; x_wconf 87' lang='lat' dir='ltr'><strong>esse</strong></span> <span class='ocrx_word' id='word_1_145' title='bbox 212 2207 401 2287; x_wconf 87' lang='lat' dir='ltr'><strong>credentes,</strong></span> <span class='ocrx_word' id='word_1_146' title='bbox 417 2205 626 2284; x_wconf 88' lang='lat' dir='ltr'><strong>occiderunt,</strong></span> <span class='ocrx_word' id='word_1_147' title='bbox 643 2204 727 2270; x_wconf 90' lang='lat' dir='ltr'><strong>nihil</strong></span> <span class='ocrx_word' id='word_1_148' title='bbox 744 2205 859 2271; x_wconf 88' lang='lat' dir='ltr'><strong>audire</strong></span> <span class='ocrx_word' id='word_1_149' title='bbox 874 2205 1024 2271; x_wconf 87' lang='lat' dir='ltr'><strong>volentes</strong></span> <span class='ocrx_word' id='word_1_150' title='bbox 1042 2205 1180 2272; x_wconf 88' lang='lat' dir='ltr'><strong>ulterius</strong></span> <span class='ocrx_word' id='word_1_151' title='bbox 1201 2204 1243 2271; x_wconf 93' lang='lat' dir='ltr'><strong>de</strong></span> 
     </span>
     <span class='ocr_line' id='line_1_19' title="bbox 121 2333 217 2399; baseline 0.021 -25"><span class='ocrx_word' id='word_1_152' title='bbox 121 2333 217 2399; x_wconf 82' lang='lat' dir='ltr'><strong>pace.</strong></span> 
     </span>
    </p>

    <p class='ocr_par' dir='ltr' id='par_1_3' title="bbox 122 2410 1310 2580">
     <span class='ocr_line' id='line_1_20' title="bbox 166 2410 1310 2501; baseline 0.003 -24"><span class='ocrx_word' id='word_1_153' title='bbox 166 2416 339 2501; x_wconf 86' lang='lat' dir='ltr'><strong>Ceperunt</strong></span> <span class='ocrx_word' id='word_1_154' title='bbox 354 2413 467 2501; x_wconf 90' lang='lat' dir='ltr'><strong>itaque</strong></span> <span class='ocrx_word' id='word_1_155' title='bbox 485 2435 636 2501; x_wconf 86' lang='lat' dir='ltr'><strong>pugnare</strong></span> <span class='ocrx_word' id='word_1_156' title='bbox 654 2436 693 2476; x_wconf 90' lang='lat' dir='ltr'><strong>ex</strong></span> <span class='ocrx_word' id='word_1_157' title='bbox 712 2425 853 2500; x_wconf 90' lang='lat' dir='ltr'><strong>utraque</strong></span> <span class='ocrx_word' id='word_1_158' title='bbox 873 2425 968 2500; x_wconf 86' lang='lat' dir='ltr'><strong>parte</strong></span> <span class='ocrx_word' id='word_1_159' title='bbox 993 2410 1079 2478; x_wconf 91' lang='lat' dir='ltr'><strong>sicut</strong></span> <span class='ocrx_word' id='word_1_160' title='bbox 1102 2411 1194 2500; x_wconf 90' lang='lat' dir='ltr'><strong>prius</strong></span> <span class='ocrx_word' id='word_1_161' title='bbox 1211 2425 1243 2476; x_wconf 88' lang='lat' dir='ltr'><strong>et</strong></span> <span class='ocrx_word' id='word_1_162' title='bbox 1303 2462 1310 2480; x_wconf 84' lang='grc'><strong>.</strong></span> 
     </span>
     <span class='ocr_line' id='line_1_21' title="bbox 122 2513 1244 2580; baseline 0 -2"><span class='ocrx_word' id='word_1_163' title='bbox 122 2516 245 2579; x_wconf 87' lang='lat' dir='ltr'><strong>acrius.</strong></span> <span class='ocrx_word' id='word_1_164' title='bbox 275 2515 451 2580; x_wconf 87' lang='lat' dir='ltr'><strong>Potissime</strong></span> <span class='ocrx_word' id='word_1_165' title='bbox 474 2528 583 2580; x_wconf 86' lang='lat' dir='ltr'><strong>autem</strong></span> <span class='ocrx_word' id='word_1_166' title='bbox 608 2513 696 2580; x_wconf 89' lang='lat' dir='ltr'><strong>inter</strong></span> <span class='ocrx_word' id='word_1_167' title='bbox 720 2516 866 2579; x_wconf 84' lang='lat' dir='ltr'><strong>Francos</strong></span> <span class='ocrx_word' id='word_1_168' title='bbox 893 2527 926 2578; x_wconf 90' lang='lat' dir='ltr'><strong>et</strong></span> <span class='ocrx_word' id='word_1_169' title='bbox 951 2513 1146 2580; x_wconf 88' lang='lat' dir='ltr'><strong>Gandenses</strong></span> <span class='ocrx_word' id='word_1_170' title='bbox 1172 2527 1244 2579; x_wconf 85' lang='lat' dir='ltr'><strong>erat</strong></span> 
     </span>
    </p>
   </div>
   <div class='ocr_carea' id='block_1_3' title="bbox 120 2615 1243 3115">
    <p class='ocr_par' dir='ltr' id='par_1_4' title="bbox 120 2615 1243 3115">
     <span class='ocr_line' id='line_1_22' title="bbox 120 2615 1243 2708; baseline -0.002 -26"><span class='ocrx_word' id='word_1_171' title='bbox 120 2641 235 2708; x_wconf 86' lang='lat' dir='ltr'><strong>pugna</strong></span> <span class='ocrx_word' id='word_1_172' title='bbox 256 2615 406 2707; x_wconf 82' lang='lat' dir='ltr'><strong>gravior3</strong></span> <span class='ocrx_word' id='word_1_173' title='bbox 426 2617 546 2682; x_wconf 84' lang='lat' dir='ltr'><strong>Franci</strong></span> <span class='ocrx_word' id='word_1_174' title='bbox 560 2615 648 2682; x_wconf 89' lang='lat' dir='ltr'><strong>enim</strong></span> <span class='ocrx_word' id='word_1_175' title='bbox 670 2641 745 2682; x_wconf 89' lang='lat' dir='ltr'><strong>cum</strong></span> <span class='ocrx_word' id='word_1_176' title='bbox 762 2615 876 2681; x_wconf 85' lang='lat' dir='ltr'><strong>cuncis</strong></span> <span class='ocrx_word' id='word_1_177' title='bbox 897 2616 966 2682; x_wconf 90' lang='lat' dir='ltr'><strong>suis</strong></span> <span class='ocrx_word' id='word_1_178' title='bbox 985 2617 1037 2681; x_wconf 87' lang='lat' dir='ltr'><strong>vel</strong></span> <span class='ocrx_word' id='word_1_179' title='bbox 1052 2616 1170 2682; x_wconf 89' lang='lat' dir='ltr'><strong>turmis</strong></span> <span class='ocrx_word' id='word_1_180' title='bbox 1186 2639 1243 2681; x_wconf 89' lang='lat' dir='ltr'><strong>eos</strong></span> 
     </span>
     <span class='ocr_line' id='line_1_23' title="bbox 120 2718 1242 2808; baseline 0 -24"><span class='ocrx_word' id='word_1_181' title='bbox 120 2719 372 2808; x_wconf 83' lang='lat' dir='ltr'><strong>impugnantes,</strong></span> <span class='ocrx_word' id='word_1_182' title='bbox 400 2741 474 2784; x_wconf 92' lang='lat' dir='ltr'><strong>cum</strong></span> <span class='ocrx_word' id='word_1_183' title='bbox 503 2719 581 2783; x_wconf 90' lang='lat' dir='ltr'><strong>fessi</strong></span> <span class='ocrx_word' id='word_1_184' title='bbox 611 2730 725 2784; x_wconf 87' lang='lat' dir='ltr'><strong>essent</strong></span> <span class='ocrx_word' id='word_1_185' title='bbox 754 2731 786 2782; x_wconf 92' lang='lat' dir='ltr'><strong>et</strong></span> <span class='ocrx_word' id='word_1_186' title='bbox 813 2718 908 2782; x_wconf 89' lang='lat' dir='ltr'><strong>multi</strong></span> <span class='ocrx_word' id='word_1_187' title='bbox 935 2743 986 2782; x_wconf 90' lang='lat' dir='ltr'><strong>cx.</strong></span> <span class='ocrx_word' id='word_1_188' title='bbox 1005 2720 1053 2784; x_wconf 87' lang='lat' dir='ltr'><strong>eis</strong></span> <span class='ocrx_word' id='word_1_189' title='bbox 1079 2719 1242 2785; x_wconf 86' lang='lat' dir='ltr'><strong>vulnerati</strong></span> 
     </span>
     <span class='ocr_line' id='line_1_24' title="bbox 121 2820 1242 2908; baseline 0 -22"><span class='ocrx_word' id='word_1_190' title='bbox 121 2822 171 2886; x_wconf 90' lang='lat' dir='ltr'><strong>vel</strong></span> <span class='ocrx_word' id='word_1_191' title='bbox 187 2821 306 2900; x_wconf 88' lang='lat' dir='ltr'><strong>occisi,</strong></span> <span class='ocrx_word' id='word_1_192' title='bbox 326 2821 480 2887; x_wconf 87' lang='lat' dir='ltr'><strong>retractis</strong></span> <span class='ocrx_word' id='word_1_193' title='bbox 501 2820 595 2908; x_wconf 89' lang='lat' dir='ltr'><strong>equis</strong></span> <span class='ocrx_word' id='word_1_194' title='bbox 615 2821 683 2885; x_wconf 90' lang='lat' dir='ltr'><strong>suis</strong></span> <span class='ocrx_word' id='word_1_195' title='bbox 702 2845 777 2886; x_wconf 89' lang='lat' dir='ltr'><strong>cum</strong></span> <span class='ocrx_word' id='word_1_196' title='bbox 794 2821 909 2899; x_wconf 88' lang='lat' dir='ltr'><strong>frenis,</strong></span> <span class='ocrx_word' id='word_1_197' title='bbox 933 2820 1138 2902; x_wconf 87' lang='lat' dir='ltr'><strong>resiliebant,</strong></span> <span class='ocrx_word' id='word_1_198' title='bbox 1161 2822 1242 2888; x_wconf 85' lang='lat' dir='ltr'><strong>alios</strong></span> 
     </span>
     <span class='ocr_line' id='line_1_25' title="bbox 121 2923 1242 3012; baseline 0.001 -25"><span class='ocrx_word' id='word_1_199' title='bbox 121 2937 275 2990; x_wconf 89' lang='lat' dir='ltr'><strong>recentes</strong></span> <span class='ocrx_word' id='word_1_200' title='bbox 302 2924 473 2988; x_wconf 87' lang='lat' dir='ltr'><strong>mittentes</strong></span> <span class='ocrx_word' id='word_1_201' title='bbox 506 2924 547 2988; x_wconf 88' lang='lat' dir='ltr'><strong>ad</strong></span> <span class='ocrx_word' id='word_1_202' title='bbox 575 2923 796 3012; x_wconf 87' lang='lat' dir='ltr'><strong>preliandum.</strong></span> <span class='ocrx_word' id='word_1_203' title='bbox 826 2924 1024 2989; x_wconf 84' lang='lat' dir='ltr'><strong>Gundenses</strong></span> <span class='ocrx_word' id='word_1_204' title='bbox 1052 2938 1162 2989; x_wconf 88' lang='lat' dir='ltr'><strong>autern</strong></span> <span class='ocrx_word' id='word_1_205' title='bbox 1185 2949 1242 2989; x_wconf 91' lang='lat' dir='ltr'><strong>eos</strong></span> 
     </span>
     <span class='ocr_line' id='line_1_26' title="bbox 122 3025 1242 3115; baseline 0.001 -24"><span class='ocrx_word' id='word_1_206' title='bbox 122 3025 177 3092; x_wconf 86' lang='lat' dir='ltr'><strong>diu</strong></span> <span class='ocrx_word' id='word_1_207' title='bbox 204 3051 278 3091; x_wconf 88' lang='lat' dir='ltr'><strong>cum</strong></span> <span class='ocrx_word' id='word_1_208' title='bbox 297 3027 412 3092; x_wconf 87' lang='lat' dir='ltr'><strong>cuneis</strong></span> <span class='ocrx_word' id='word_1_209' title='bbox 437 3025 570 3114; x_wconf 73' lang='lat' dir='ltr'><strong>insequi</strong></span> <span class='ocrx_word' id='word_1_210' title='bbox 591 3050 658 3091; x_wconf 91' lang='lat' dir='ltr'><strong>non</strong></span> <span class='ocrx_word' id='word_1_211' title='bbox 684 3039 857 3115; x_wconf 87' lang='lat' dir='ltr'><strong>poteraut,</strong></span> <span class='ocrx_word' id='word_1_212' title='bbox 889 3050 931 3090; x_wconf 92' lang='lat' dir='ltr'><strong>ne</strong></span> <span class='ocrx_word' id='word_1_213' title='bbox 954 3049 1078 3093; x_wconf 87' lang='lat' dir='ltr'><strong>cuneos</strong></span> <span class='ocrx_word' id='word_1_214' title='bbox 1103 3028 1145 3092; x_wconf 90' lang='lat' dir='ltr'><strong>ab</strong></span> <span class='ocrx_word' id='word_1_215' title='bbox 1172 3027 1242 3092; x_wconf 88' lang='lat' dir='ltr'><strong>acie</strong></span> 
     </span>
    </p>
   </div>
   <div class='ocr_carea' id='block_1_4' title="bbox 122 3230 1240 4244">
    <p class='ocr_par' dir='ltr' id='par_1_5' title="bbox 122 3230 1240 4244">
     <span class='ocr_line' id='line_1_27' title="bbox 122 3230 1240 3318; baseline 0.004 -24"><span class='ocrx_word' id='word_1_216' title='bbox 122 3231 235 3318; x_wconf 86' lang='lat' dir='ltr'><strong>pendo</strong></span> <span class='ocrx_word' id='word_1_217' title='bbox 261 3230 466 3310; x_wconf 84' lang='lat' dir='ltr'><strong>dividerent;</strong></span> <span class='ocrx_word' id='word_1_218' title='bbox 489 3232 577 3296; x_wconf 91' lang='lat' dir='ltr'><strong>acies</strong></span> <span class='ocrx_word' id='word_1_219' title='bbox 596 3231 684 3295; x_wconf 86' lang='lat' dir='ltr'><strong>enirn</strong></span> <span class='ocrx_word' id='word_1_220' title='bbox 709 3230 823 3295; x_wconf 79' lang='lat' dir='ltr'><strong>totalis</strong></span> <span class='ocrx_word' id='word_1_221' title='bbox 844 3231 1072 3296; x_wconf 89' lang='lat' dir='ltr'><strong>Gaudensium</strong></span> <span class='ocrx_word' id='word_1_222' title='bbox 1094 3257 1153 3298; x_wconf 88' lang='lat' dir='ltr'><strong>eos</strong></span> <span class='ocrx_word' id='word_1_223' title='bbox 1175 3257 1240 3298; x_wconf 92' lang='lat' dir='ltr'><strong>non</strong></span> 
     </span>
     <span class='ocr_line' id='line_1_28' title="bbox 122 3332 1239 3422; baseline 0.003 -26"><span class='ocrx_word' id='word_1_224' title='bbox 122 3346 253 3420; x_wconf 86' lang='lat' dir='ltr'><strong>poterat</strong></span> <span class='ocrx_word' id='word_1_225' title='bbox 269 3335 377 3422; x_wconf 87' lang='lat' dir='ltr'><strong>sequi,</strong></span> <span class='ocrx_word' id='word_1_226' title='bbox 396 3357 438 3398; x_wconf 90' lang='lat' dir='ltr'><strong>ne</strong></span> <span class='ocrx_word' id='word_1_227' title='bbox 458 3335 631 3399; x_wconf 86' lang='lat' dir='ltr'><strong>inteream</strong></span> <span class='ocrx_word' id='word_1_228' title='bbox 653 3347 685 3399; x_wconf 90' lang='lat' dir='ltr'><strong>et</strong></span> <span class='ocrx_word' id='word_1_229' title='bbox 705 3332 925 3399; x_wconf 87' lang='lat' dir='ltr'><strong>monitionem</strong></span> <span class='ocrx_word' id='word_1_230' title='bbox 942 3358 1098 3400; x_wconf 83' lang='lat' dir='ltr'><strong>curruum</strong></span> <span class='ocrx_word' id='word_1_231' title='bbox 1121 3335 1239 3400; x_wconf 84' lang='lat' dir='ltr'><strong>Franci</strong></span> 
     </span>
     <span class='ocr_line' id='line_1_29' title="bbox 122 3434 1240 3530; baseline 0.004 -32"><span class='ocrx_word' id='word_1_232' title='bbox 122 3457 195 3500; x_wconf 90' lang='lat' dir='ltr'><strong>cum</strong></span> <span class='ocrx_word' id='word_1_233' title='bbox 230 3437 326 3523; x_wconf 89' lang='lat' dir='ltr'><strong>equis</strong></span> <span class='ocrx_word' id='word_1_234' title='bbox 358 3435 426 3501; x_wconf 88' lang='lat' dir='ltr'><strong>suis</strong></span> <span class='ocrx_word' id='word_1_235' title='bbox 460 3435 609 3506; x_wconf 78' lang='lat' dir='ltr'><strong>lacerent</strong></span> <span class='ocrx_word' id='word_1_236' title='bbox 640 3434 838 3530; x_wconf 82' lang='lat' dir='ltr'><strong>divisionem</strong></span> <span class='ocrx_word' id='word_1_237' title='bbox 865 3449 899 3500; x_wconf 88' lang='lat' dir='ltr'><strong>et</strong></span> <span class='ocrx_word' id='word_1_238' title='bbox 928 3436 975 3500; x_wconf 87' lang='lat' dir='ltr'><strong>sic</strong></span> <span class='ocrx_word' id='word_1_239' title='bbox 1003 3461 1059 3501; x_wconf 86' lang='lat' dir='ltr'><strong>eos</strong></span> <span class='ocrx_word' id='word_1_240' title='bbox 1091 3437 1240 3527; x_wconf 88' lang='lat' dir='ltr'><strong>undique</strong></span> 
     </span>
     <span class='ocr_line' id='line_1_30' title="bbox 122 3535 1240 3626; baseline 0.004 -26"><span class='ocrx_word' id='word_1_241' title='bbox 122 3535 376 3626; x_wconf 88' lang='lat' dir='ltr'><strong>impugnarent;</strong></span> <span class='ocrx_word' id='word_1_242' title='bbox 389 3539 549 3604; x_wconf 86' lang='lat' dir='ltr'><strong>tenebant</strong></span> <span class='ocrx_word' id='word_1_243' title='bbox 560 3538 649 3604; x_wconf 91' lang='lat' dir='ltr'><strong>enim</strong></span> <span class='ocrx_word' id='word_1_244' title='bbox 661 3563 763 3605; x_wconf 90' lang='lat' dir='ltr'><strong>cornu</strong></span> <span class='ocrx_word' id='word_1_245' title='bbox 773 3539 824 3604; x_wconf 88' lang='lat' dir='ltr'><strong>vel</strong></span> <span class='ocrx_word' id='word_1_246' title='bbox 839 3539 938 3604; x_wconf 85' lang='lat' dir='ltr'><strong>finem</strong></span> <span class='ocrx_word' id='word_1_247' title='bbox 954 3538 1125 3605; x_wconf 86' lang='lat' dir='ltr'><strong>sinistrum</strong></span> <span class='ocrx_word' id='word_1_248' title='bbox 1139 3541 1240 3606; x_wconf 84' lang='lat' dir='ltr'><strong>totius</strong></span> 
     </span>
     <span class='ocr_line' id='line_1_31' title="bbox 124 3641 1240 3730; baseline 0.004 -28"><span class='ocrx_word' id='word_1_249' title='bbox 124 3663 242 3729; x_wconf 83' lang='lat' dir='ltr'><strong>magne</strong></span> <span class='ocrx_word' id='word_1_250' title='bbox 262 3641 345 3706; x_wconf 89' lang='lat' dir='ltr'><strong>aciei</strong></span> <span class='ocrx_word' id='word_1_251' title='bbox 361 3641 629 3706; x_wconf 90' lang='lat' dir='ltr'><strong>Flandrensium.</strong></span> <span class='ocrx_word' id='word_1_252' title='bbox 651 3645 729 3707; x_wconf 88' lang='lat' dir='ltr'><strong>Post</strong></span> <span class='ocrx_word' id='word_1_253' title='bbox 742 3641 930 3730; x_wconf 89' lang='lat' dir='ltr'><strong>predictum</strong></span> <span class='ocrx_word' id='word_1_254' title='bbox 951 3642 1103 3707; x_wconf 89' lang='lat' dir='ltr'><strong>dolosum</strong></span> <span class='ocrx_word' id='word_1_255' title='bbox 1118 3655 1240 3708; x_wconf 87' lang='lat' dir='ltr'><strong>tracta-</strong></span> 
     </span>
     <span class='ocr_line' id='line_1_32' title="bbox 122 3743 1239 3834; baseline 0.005 -30"><span class='ocrx_word' id='word_1_256' title='bbox 122 3753 190 3806; x_wconf 88' lang='lat' dir='ltr'><strong>tum</strong></span> <span class='ocrx_word' id='word_1_257' title='bbox 216 3743 258 3807; x_wconf 89' lang='lat' dir='ltr'><strong>de</strong></span> <span class='ocrx_word' id='word_1_258' title='bbox 286 3767 381 3833; x_wconf 84' lang='lat' dir='ltr'><strong>pace,</strong></span> <span class='ocrx_word' id='word_1_259' title='bbox 409 3743 497 3808; x_wconf 89' lang='lat' dir='ltr'><strong>acies</strong></span> <span class='ocrx_word' id='word_1_260' title='bbox 525 3744 691 3832; x_wconf 85' lang='lat' dir='ltr'><strong>predicta,</strong></span> <span class='ocrx_word' id='word_1_261' title='bbox 719 3769 818 3834; x_wconf 76' lang='lat' dir='ltr'><strong>qttam</strong></span> <span class='ocrx_word' id='word_1_262' title='bbox 848 3768 906 3808; x_wconf 87' lang='lat' dir='ltr'><strong>rex</strong></span> <span class='ocrx_word' id='word_1_263' title='bbox 929 3769 1044 3810; x_wconf 85' lang='lat' dir='ltr'><strong>versus</strong></span> <span class='ocrx_word' id='word_1_264' title='bbox 1069 3745 1239 3811; x_wconf 90' lang='lat' dir='ltr'><strong>sinistrum</strong></span> 
     </span>
     <span class='ocr_line' id='line_1_33' title="bbox 123 3840 1239 3926; baseline 0.006 -21"><span class='ocrx_word' id='word_1_265' title='bbox 123 3840 207 3908; x_wconf 86' lang='lat' dir='ltr'><strong>latus</strong></span> <span class='ocrx_word' id='word_1_266' title='bbox 216 3845 381 3910; x_wconf 87' lang='lat' dir='ltr'><strong>exercitus</strong></span> <span class='ocrx_word' id='word_1_267' title='bbox 394 3845 613 3910; x_wconf 85' lang='lat' dir='ltr'><strong>Flaudrensis</strong></span> <span class='ocrx_word' id='word_1_268' title='bbox 623 3845 725 3926; x_wconf 89' lang='lat' dir='ltr'><strong>misit,</strong></span> <span class='ocrx_word' id='word_1_269' title='bbox 735 3845 776 3912; x_wconf 93' lang='lat' dir='ltr'><strong>ad</strong></span> <span class='ocrx_word' id='word_1_270' title='bbox 788 3846 933 3911; x_wconf 89' lang='lat' dir='ltr'><strong>tentoria</strong></span> <span class='ocrx_word' id='word_1_271' title='bbox 942 3859 974 3911; x_wconf 89' lang='lat' dir='ltr'><strong>et</strong></span> <span class='ocrx_word' id='word_1_272' title='bbox 989 3847 1135 3913; x_wconf 89' lang='lat' dir='ltr'><strong>sarcinas</strong></span> <span class='ocrx_word' id='word_1_273' title='bbox 1144 3849 1239 3914; x_wconf 86' lang='lat' dir='ltr'><strong>Flan-</strong></span> 
     </span>
     <span class='ocr_line' id='line_1_34' title="bbox 122 3945 1239 4040; baseline 0.008 -32"><span class='ocrx_word' id='word_1_274' title='bbox 122 3945 292 4012; x_wconf 85' lang='lat' dir='ltr'><strong>drensium</strong></span> <span class='ocrx_word' id='word_1_275' title='bbox 315 3971 416 4036; x_wconf 88' lang='lat' dir='ltr'><strong>super</strong></span> <span class='ocrx_word' id='word_1_276' title='bbox 439 3961 584 4013; x_wconf 89' lang='lat' dir='ltr'><strong>montem</strong></span> <span class='ocrx_word' id='word_1_277' title='bbox 604 3949 793 4035; x_wconf 89' lang='lat' dir='ltr'><strong>predictum</strong></span> <span class='ocrx_word' id='word_1_278' title='bbox 819 3961 852 4014; x_wconf 92' lang='lat' dir='ltr'><strong>et</strong></span> <span class='ocrx_word' id='word_1_279' title='bbox 872 3948 959 4014; x_wconf 89' lang='lat' dir='ltr'><strong>circa</strong></span> <span class='ocrx_word' id='word_1_280' title='bbox 982 3951 1091 4038; x_wconf 88' lang='lat' dir='ltr'><strong>ipsum</strong></span> <span class='ocrx_word' id='word_1_281' title='bbox 1116 3975 1239 4040; x_wconf 89' lang='lat' dir='ltr'><strong>prope·</strong></span> 
     </span>
     <span class='ocr_line' id='line_1_35' title="bbox 124 4049 1240 4141; baseline 0.006 -30"><span class='ocrx_word' id='word_1_282' title='bbox 124 4049 226 4113; x_wconf 86' lang='lat' dir='ltr'><strong>rabat.</strong></span> <span class='ocrx_word' id='word_1_283' title='bbox 269 4052 339 4114; x_wconf 90' lang='lat' dir='ltr'><strong>Hoc</strong></span> <span class='ocrx_word' id='word_1_284' title='bbox 366 4049 518 4115; x_wconf 87' lang='lat' dir='ltr'><strong>videntes</strong></span> <span class='ocrx_word' id='word_1_285' title='bbox 549 4053 663 4140; x_wconf 85' lang='lat' dir='ltr'><strong>nurige</strong></span> <span class='ocrx_word' id='word_1_286' title='bbox 697 4065 730 4116; x_wconf 91' lang='lat' dir='ltr'><strong>et</strong></span> <span class='ocrx_word' id='word_1_287' title='bbox 763 4051 956 4141; x_wconf 82' lang='lat' dir='ltr'><strong>garsiones,</strong></span> <span class='ocrx_word' id='word_1_288' title='bbox 988 4051 1045 4141; x_wconf 90' lang='lat' dir='ltr'><strong>qui</strong></span> <span class='ocrx_word' id='word_1_289' title='bbox 1079 4055 1240 4118; x_wconf 86' lang='lat' dir='ltr'><strong>tenebant</strong></span> 
     </span>
     <span class='ocr_line' id='line_1_36' title="bbox 123 4155 1239 4244; baseline 0.007 -32"><span class='ocrx_word' id='word_1_290' title='bbox 123 4173 225 4238; x_wconf 89' lang='lat' dir='ltr'><strong>equos</strong></span> <span class='ocrx_word' id='word_1_291' title='bbox 245 4165 278 4217; x_wconf 91' lang='lat' dir='ltr'><strong>et</strong></span> <span class='ocrx_word' id='word_1_292' title='bbox 293 4177 394 4240; x_wconf 89' lang='lat' dir='ltr'><strong>equas</strong></span> <span class='ocrx_word' id='word_1_293' title='bbox 411 4177 568 4218; x_wconf 91' lang='lat' dir='ltr'><strong>curruum</strong></span> <span class='ocrx_word' id='word_1_294' title='bbox 587 4167 620 4218; x_wconf 90' lang='lat' dir='ltr'><strong>et</strong></span> <span class='ocrx_word' id='word_1_295' title='bbox 642 4155 740 4220; x_wconf 88' lang='lat' dir='ltr'><strong>etiam</strong></span> <span class='ocrx_word' id='word_1_296' title='bbox 766 4178 871 4243; x_wconf 90' lang='lat' dir='ltr'><strong>equos</strong></span> <span class='ocrx_word' id='word_1_297' title='bbox 894 4155 1058 4220; x_wconf 91' lang='lat' dir='ltr'><strong>nobilium</strong></span> <span class='ocrx_word' id='word_1_298' title='bbox 1082 4169 1114 4220; x_wconf 90' lang='lat' dir='ltr'><strong>et</strong></span> <span class='ocrx_word' id='word_1_299' title='bbox 1136 4159 1239 4244; x_wconf 86' lang='lat' dir='ltr'><strong>majo-</strong></span> 
     </span>
    </p>
   </div>
   <div class='ocr_carea' id='block_1_5' title="bbox 123 4253 1237 4343">
    <p class='ocr_par' dir='ltr' id='par_1_6' title="bbox 123 4253 1237 4343">
     <span class='ocr_line' id='line_1_37' title="bbox 123 4253 1237 4343; baseline 0.004 -24"><span class='ocrx_word' id='word_1_300' title='bbox 123 4274 193 4324; x_wconf 80' lang='lat' dir='ltr'><strong>rum</strong></span> <span class='ocrx_word' id='word_1_301' title='bbox 213 4253 481 4334; x_wconf 85' lang='lat' dir='ltr'><strong>Flandrensium,</strong></span> <span class='ocrx_word' id='word_1_302' title='bbox 500 4256 586 4328; x_wconf 83' lang='lat' dir='ltr'><strong>sicut</strong></span> <span class='ocrx_word' id='word_1_303' title='bbox 606 4256 758 4328; x_wconf 81' lang='lat' dir='ltr'><strong>homiues</strong></span> <span class='ocrx_word' id='word_1_304' title='bbox 774 4256 937 4343; x_wconf 81' lang='lat' dir='ltr'><strong>inermes,</strong></span> <span class='ocrx_word' id='word_1_305' title='bbox 955 4271 988 4328; x_wconf 91' lang='lat' dir='ltr'><strong>et</strong></span> <span class='ocrx_word' id='word_1_306' title='bbox 1008 4271 1132 4327; x_wconf 82' lang='lat' dir='ltr'><strong>armate</strong></span> <span class='ocrx_word' id='word_1_307' title='bbox 1153 4260 1237 4326; x_wconf 86' lang='lat' dir='ltr'><strong>aciei</strong></span> 
     </span>
    </p>
   </div>
   <div class='ocr_carea' id='block_1_6' title="bbox 0 0 1582 5190">
    <p class='ocr_par' dir='ltr' id='par_1_7' title="bbox 0 0 1582 5190">
     <span class='ocr_line' id='line_1_38' title="bbox 0 0 1582 5190; baseline 0 0"><span class='ocrx_word' id='word_1_308' title='bbox 0 0 1582 5190; x_wconf 95' lang='lat' dir='ltr'><strong> </strong></span> 
     </span>
    </p>
   </div>
  </div>
 </body>
</html>
