3178 5192
101 423 157 476 1301
475 419 625 474 lanatus
643 417 837 475 claonxsas
1191 418 1220 472 17

103 545 142 609 de
166 542 321 608 omnibus
346 555 485 608 starent.
511 541 658 632 lngressi
684 541 789 632 igitur
813 565 924 608 comes
955 553 988 606 et
1011 541 1113 605 frater
1141 563 1221 606 suus

102 645 223 724 villam,
236 645 416 710 vindictam
431 646 585 710 acerbam
600 667 757 710 exercere
772 667 839 709 non
853 656 931 709 sunt
942 641 1026 724 ausi,
1040 644 1098 708 sed
1113 642 1222 731 primo

104 748 301 836 prudenter,
337 761 372 812 ut
404 747 452 812 eis
482 747 675 827 videbatur,
710 760 821 813 turres
855 746 1003 836 lapideas
1042 759 1076 811 et
1108 760 1222 836 portas

104 851 260 938 quasdam
277 851 427 916 feceruut
442 850 582 929 destrui,
600 863 709 915 turres
727 849 869 940 ligneas,
890 848 1093 914 munitiones
1107 871 1223 914 omnes

105 954 135 1017 iu
157 953 316 1018 fossatum
342 952 443 1042 dejici
465 952 642 1043 ipsumque
668 951 801 1041 impleri
824 951 965 1031 alicubi,
992 963 1025 1016 et
1044 975 1221 1042 aggerem,

105 1054 158 1144 qui
185 1055 296 1119 villam
326 1056 502 1144 cingebat,
530 1057 565 1120 in
593 1055 761 1145 aliquibus
787 1053 871 1121 locis
898 1053 1033 1120 confodi
1057 1066 1090 1119 et
1114 1053 1220 1131 dirui,

106 1158 254 1223 dicentes
270 1172 303 1223 et
314 1158 517 1246 judicantes,
531 1182 647 1223 omnes
664 1157 837 1223 libertates
851 1168 884 1222 et
896 1156 1027 1222 nobiles
1044 1169 1224 1222 consuetu-

106 1259 200 1325 dines
220 1274 407 1350 cuuctaque
422 1259 609 1350 privilegia,
627 1285 645 1325 a
663 1259 799 1349 regibus
817 1258 958 1326 Francie
974 1260 1026 1324 vel
1045 1259 1225 1326 comitibus

105 1361 274 1441 Flandrie,
298 1362 375 1428 ville
400 1387 576 1442 concessa,
603 1363 672 1428 fore
695 1387 755 1453 per
771 1363 895 1428 dictam
913 1385 1057 1452 pugnam
1083 1361 1224 1448 amissa3

107 1464 193 1554 quod
211 1464 338 1530 dictum
357 1478 389 1529 et
405 1465 569 1552 judicium
586 1479 652 1531 tarn
672 1468 814 1553 majores
831 1489 929 1554 quam
950 1465 1096 1531 minores
1116 1464 1226 1556 gravi·

106 1579 156 1632 ter
172 1581 387 1658 acceperant.
406 1568 502 1632 Unde
519 1568 560 1633 de
579 1569 652 1657 ipso
668 1567 778 1633 hieme
795 1567 948 1656 sequenti
965 1569 1054 1633 inter
1071 1565 1225 1632 comitem

108 1670 233 1735 dictum
251 1684 284 1735 et
302 1670 437 1735 fratrem
455 1692 549 1736 suum
568 1683 602 1734 et
615 1670 727 1734 villam
744 1669 780 1733 in
798 1669 888 1735 curia
909 1669 998 1759 regis
1018 1668 1059 1733 lis
1076 1682 1146 1734 orta
1162 1682 1224 1734 est.

149 1773 246 1838 Circa
259 1771 358 1838 finem
369 1774 497 1852 estatiS,
512 1771 622 1838 dictus
634 1795 746 1838 comes
757 1771 791 1836 in
805 1772 979 1837 Franciam
995 1797 1147 1837 reversus
1162 1785 1226 1850 est,

110 1875 206 1940 fratre
228 1899 308 1955 suo,
331 1875 417 1940 sicut
439 1875 549 1964 prius,
573 1874 723 1962 prefecto
740 1874 899 1940 Flandrie
921 1873 1056 1952 relicto,
1082 1873 1138 1963 qui
1163 1875 1227 1938 isto

108 2001 191 2041 anno
213 1990 247 2041 et
266 1977 462 2066 precedenti
483 1977 550 2042 duo
573 1975 753 2041 fortissima
777 1976 914 2042 castella
933 1989 966 2040 et
985 1975 1132 2064 presidia
1153 1998 1226 2039 cum

109 2079 248 2166 pecunia
265 2078 355 2169 regis
374 2080 515 2144 Francie
533 2079 612 2144 fecit
626 2079 710 2157 fieri,
733 2103 836 2144 unum
853 2078 888 2142 in
904 2078 1015 2143 lnsula
1037 2091 1071 2143 et
1089 2077 1229 2142 alterum

109 2180 139 2243 in
168 2183 344 2246 Curtraco.
374 2180 504 2271 lncepit
535 2180 634 2245 etiam
664 2205 765 2247 unum
800 2183 833 2245 in
863 2180 1003 2271 Brugis,
1039 2180 1129 2268 quod
1161 2203 1229 2244 non

110 2284 263 2371 perfecit.

152 2385 269 2451 Hieme
285 2385 438 2474 sequenti
451 2386 474 2465 ¹,
494 2386 662 2451 lohannes
678 2409 789 2450 comes
807 2383 1043 2451 Namurcensis
1056 2397 1089 2450 et
1104 2383 1227 2465 Guido,

101 2488 210 2582 ⁸frater·
228 2491 318 2575 ejus,
342 2488 403 2552 filii
421 2487 572 2566 comitis,
597 2513 671 2554 cum
691 2488 874 2560 Wilhelmo
890 2487 1088 2568 Juliacensi,
1106 2512 1230 2578 prepo-

112 2592 172 2655 sito
198 2591 422 2678 Trajectensi,
451 2589 518 2655 filio
542 2593 666 2656 sororis
698 2616 772 2669 sue,
802 2592 883 2656 tacti
908 2590 1025 2655 dolore
1048 2590 1159 2656 cordis
1189 2591 1231 2655 de

112 2693 262 2758 crudeli²
294 2695 485 2783 captivitate
515 2707 547 2758 et
572 2695 695 2781 injusta
722 2695 826 2783 patris
856 2706 889 2758 et
918 2694 1056 2758 fratrum
1082 2718 1229 2773 suorum,

112 2797 193 2860 sicut
211 2795 366 2860 homines
384 2794 524 2860 animosi
542 2794 724 2860 machinari
742 2809 904 2885 ceperunt
919 2809 952 2860 et
974 2794 1086 2860 abdita
1107 2796 1231 2860 habere

112 2898 261 2975 consilia,
279 2921 353 2962 cam
371 2897 539 2987 aliquibus
560 2898 674 2963 amicis
694 2899 762 2963 suis
783 2898 825 2963 de
844 2898 1012 2976 Flandria,
1029 2911 1062 2963 et
1082 2897 1232 2963 occultos

113 3002 245 3066 nuntios
271 3013 305 3064 et
328 3001 456 3067 litteras
482 2999 613 3066 mittere
643 3004 684 3068 ad
714 3002 842 3090 aliquos
868 3001 909 3066 de
936 3000 1232 3066 communitatibus

113 3103 266 3168 Flandrie
287 3105 459 3168 commotis
481 3117 514 3168 et
533 3104 744 3188 disturbatis,
761 3128 823 3194 pro
841 3103 1005 3168 ditissima
1025 3117 1114 3169 terra
1135 3106 1233 3192 majo-

115 3229 183 3269 rum
200 3230 335 3270 suorum
348 3207 587 3294 recuperanda.
601 3208 697 3274 Unde
711 3209 799 3272 circa
811 3207 956 3271 medium
966 3206 1086 3272 hiemis
1099 3210 1232 3285 Petrus,

116 3306 220 3372 dictus
251 3310 338 3386 Rex,
374 3331 447 3373 cum
483 3310 682 3398 sequacibus
717 3309 785 3374 suis
817 3311 859 3375 de
892 3309 1034 3375 consilio
1064 3308 1232 3398 ipsorum,

115 3410 240 3500 Brugas
261 3423 312 3475 est
331 3435 503 3486 reversus,
525 3425 558 3476 et
581 3411 783 3492 intantum,
811 3413 898 3501 apud
923 3424 1071 3477 textores
1097 3437 1174 3476 suos
1202 3426 1235 3476 et

117 3511 255 3577 fullones
280 3526 312 3578 et
333 3512 463 3602 aliquos
488 3514 570 3578 alios
596 3515 637 3580 de
665 3514 919 3594 communitate,
951 3529 1070 3604 potens
1096 3515 1235 3580 effectus

116 3627 220 3678 est-
235 3614 370 3680 attraxit
387 3615 475 3683 enim
492 3641 562 3694 eos,
581 3630 616 3682 ut
632 3631 703 3683 erat
725 3617 897 3693 facundus,
917 3617 1053 3683 mitibus
1074 3631 1106 3682 et
1126 3617 1234 3683 dulci·

117 3716 175 3780 bus
192 3719 316 3798 verbis,
327 3757 371 3768 -
384 3717 473 3806 quod
489 3719 631 3784 ballivus
649 3721 737 3808 regis
754 3734 787 3786 et
802 3721 931 3786 scabini
945 3734 979 3784 et
994 3723 1137 3808 majores
1150 3722 1236 3786 Bru·

150 3964 170 4010 l.
189 3964 235 4012 l'in
250 3966 307 4013 1301
323 3993 350 4002 -
363 3971 430 4013 com'
444 3967 513 4014 1302.

148 4027 168 4072 2.
187 4029 222 4076 Lu
236 4044 266 4074 ca
287 4027 360 4076 tivitc
374 4029 405 4076 de
418 4029 468 4078 Gui
481 4029 512 4077 de
528 4029 682 4092 Dampierre
695 4029 785 4077 n'etait
799 4046 848 4094 pas
862 4031 934 4078 aussi
951 4031 1049 4078 cruelle
1062 4047 1112 4094 qne
1125 4031 1148 4078 le
1164 4029 1202 4078 dit
1214 4032 1238 4078 le

120 4088 247 4137 minorita.
268 4044 303 4137 lo
322 4092 401 4138 vieux
420 4098 505 4140 comte
524 4091 657 4139 menaitd
679 4092 841 4156 Compibgnc
861 4110 910 4140 une
938 4093 1067 4140 existence
1089 4093 1235 4156 princi'ere,

119 4155 223 4199 entourd
235 4152 312 4200 d’une
324 4152 487 4201 domestioite
499 4155 666 4210 nombreuse,
679 4171 724 4202 sur
736 4172 770 4201 un
782 4171 888 4210 reveno,
903 4161 1023 4202 maritant
1035 4161 1050 4202 a
1062 4158 1076 4202 ³
1089 4172 1121 4202 ou
1135 4157 1238 4202 400.000

119 4211 196 4261 lieres
209 4213 312 4277 (valeat
322 4217 451 4280 actuallel,
471 4231 520 4280 quo
533 4217 572 4264 lui
585 4216 675 4264 laisait
689 4217 811 4280 Philippa
822 4219 847 4267 lo
860 4218 915 4268 Bel.
929 4217 957 4265 V.
974 4219 1012 4265 les
1030 4224 1148 4281 comptes
1162 4217 1237 4281 publ.

121 4290 168 4337 par
180 4277 214 4324 M,
225 4277 263 4326 de
273 4277 525 4342 Limburg·Stirum,
541 4279 636 4339 Codeta,
651 4280 672 4342 1,
685 4280 770 4328 troo-1.

185 4365 390 4409 rusca-Bassum.
400 4391 425 4400 -
436 4369 524 4410 Annales
533 4369 654 4411 (lundenses.
895 4421 901 4434 .
1175 4370 1188 4407 ἵ
