3154 5190
361 395 391 439 es
741 357 890 440 ,ananias
909 391 1103 440 oinosnsas
1420 394 1468 439 raca
1536 377 1537 380 ’

360 533 482 596 scopus
505 507 716 573 Coloniensis
740 523 772 572 et
795 532 905 572 comes
927 509 1243 597 Lucemburgensis,
1265 521 1362 596 pater
1384 507 1468 572 istius

363 611 464 700 regis,
498 636 536 704 eo
570 611 659 698 quod
689 635 800 674 comes
832 610 1031 678 Ghelreusis
1057 610 1156 676 filiam
1183 610 1322 687 sororis,
1356 612 1470 676 scilicet

363 713 516 784 lsabelle,
539 713 678 776 haberet
698 712 730 776 in
756 737 904 778 uxorem.
931 713 1146 778 Concedente
1164 727 1272 778 autem
1288 716 1360 778 Deo
1379 715 1471 777 victo·
1537 781 1538 784 Ἴ

362 816 444 880 riam
473 815 629 890 iohanni,
655 815 731 880 duci
763 814 956 890 Brabantie‚
992 813 1268 903 archiepiscopus
1307 829 1341 880 ct
1373 840 1471 879 comes

362 917 558 982 Ghelrcusis
573 943 589 981 a
606 918 757 982 lohanne
776 917 863 1005 capti
884 928 974 993 sunt,
997 929 1030 981 et
1049 941 1160 982 comes
1178 919 1472 1006 Luccmburgcnsis

362 1045 435 1084 cum
458 1043 523 1083 uno
550 1020 651 1083 fratre
678 1019 842 1109 legitimo,
874 1032 908 1084 et
937 1020 1069 1084 duobus
1091 1018 1293 1107 illegitimis,
1323 1019 1473 1085 militibus
1538 1019 1539 1082 ἶ

362 1121 525 1199 strenuis,
556 1121 696 1186 interiit.
715 1149 717 1154 ¹
734 1123 772 1185 Et
797 1123 872 1186 ideo
896 1146 958 1210 pro
983 1123 1218 1186 reformatione
1241 1136 1273 1186 et
1296 1122 1474 1187 conforma-

361 1225 451 1289 tione
467 1225 576 1312 paciS,
602 1223 664 1288 iste
687 1223 774 1288 lilius
793 1249 872 1288 suus
897 1224 995 1288 filiam
1019 1224 1161 1314 predicti
1177 1225 1340 1290 Johannis
1357 1223 1475 1312 accepit

363 1352 395 1391 rn
415 1350 564 1391 uxorem.

406 1428 501 1492 Circa
528 1428 627 1492 finem
656 1427 751 1492 istius
781 1429 904 1492 mensis
935 1429 1094 1506 ianuarii,
1124 1429 1189 1492 filia
1215 1428 1347 1493 comitis
1372 1429 1474 1493 Clare·
1539 1421 1540 1426 ἵ

362 1529 559 1606 montensis,
592 1555 672 1594 uxor
704 1531 865 1596 lobannis
900 1530 1153 1606 Namnrcensis,
1183 1530 1283 1608 obiit,
1316 1555 1475 1619 parvoque

361 1647 512 1721 tempore
542 1632 711 1722 regalibus
746 1633 871 1720 nuptiis
906 1646 958 1698 est
989 1633 1132 1722 potitus;
1162 1635 1216 1698 vix
1244 1635 1333 1698 enirn
1366 1633 1475 1697 diebus

361 1736 476 1801 decem
490 1759 561 1799 eam
575 1735 693 1799 habuit
709 1733 833 1800 sanam.

406 1841 523 1903 Meuse
542 1837 738 1914 Februario,
762 1863 874 1902 comes
889 1839 1072 1914 Robertns,
1095 1863 1168 1903 cum
1192 1839 1269 1904 filiis
1283 1838 1353 1904 suis
1372 1852 1405 1904 et
1419 1839 1475 1902 sra-

362 1940 469 2004 tribus
490 1941 658 2014 omnibus,
686 1939 726 2004 ad
752 1942 876 2004 curiam
906 1939 1045 2005 recessit
1063 1940 1168 2028 regis,
1187 1954 1392 2007 tractaturus
1410 1965 1476 2005 cunr

363 2043 448 2130 ipso,
470 2041 694 2106 mediantibus
710 2043 839 2118 amicis,
858 2042 898 2106 de
913 2043 1004 2130 pacis
1021 2043 1287 2108 confirmatione.
1306 2045 1476 2108 luduxerat

362 2159 471 2209 autem
503 2144 613 2210 dietus
645 2169 772 2222 comes,
803 2169 877 2207 cum
904 2144 980 2208 filiis
1006 2157 1040 2208 et
1060 2144 1222 2210 militibus
1243 2161 1275 2211 et
1304 2146 1477 2234 majoribus

362 2249 429 2311 fere
450 2245 604 2310 omnibus
622 2245 773 2310 villarum
792 2259 824 2310 et
842 2246 974 2312 clericis
993 2249 1073 2325 suis,
1091 2261 1249 2337 quantum
1267 2251 1390 2336 potuit,
1413 2272 1477 2336 pre·

361 2349 456 2412 cibus
478 2362 510 2412 et
530 2348 628 2412 minis
649 2347 778 2436 aliquos
795 2348 935 2412 ditiores
957 2348 998 2413 de
1014 2351 1321 2428 communitatibus,
1340 2351 1433 2438 qnod
1449 2349 1476 2413 iu

361 2451 545 2539 predictam
566 2451 724 2527 litteram,
741 2451 877 2514 formam
895 2449 1015 2516 misere
1032 2452 1124 2539 pacis
1142 2452 1387 2530 continentem,
1406 2477 1477 2517 cou-

361 2552 543 2630 senseriut‚
571 2552 738 2618 affirmans
763 2554 830 2630 eis,
851 2552 923 2640 ipse
944 2567 976 2618 et
997 2552 1067 2630 sui,
1089 2554 1180 2642 quod
1201 2554 1228 2618 si
1250 2557 1314 2620 hoc
1336 2555 1478 2620 lacerent

358 2656 400 2718 ob
419 2655 635 2720 reverentiam
656 2654 757 2744 regis,
780 2655 915 2718 multam
934 2656 1076 2742 gratiam
1097 2671 1129 2720 et
1151 2658 1381 2722 remissionem
1403 2657 1476 2721 mul·

359 2772 469 2822 torum
492 2759 525 2822 in
547 2782 583 2822 ea
606 2770 840 2822 contentorum
866 2758 907 2821 ab
932 2759 1005 2846 ipso
1028 2773 1143 2845 postca
1164 2760 1370 2824 obtinerent.
1402 2763 1478 2826 Con·

360 2873 540 2924 senscrunt
553 2885 632 2948 ergo
652 2859 683 2922 in
702 2884 773 2924 earn
790 2859 987 2924 Gandeuses
1001 2874 1034 2926 et
1049 2863 1235 2950 Yprenses;
1254 2863 1312 2927 sed
1334 2865 1478 2954 Brugen-

361 2987 413 3026 scs
438 2961 529 3026 nullo
560 2961 658 3026 modo
686 2962 726 3024 ad
752 2960 815 3024 hoc
845 2960 957 3026 induci
986 2976 1180 3050 potueruut.
1210 2963 1378 3030 Miserunt
1404 2987 1478 3054 ergo

360 3065 436 3128 ville
455 3063 657 3152 principales
677 3076 911 3150 procuratores
932 3089 1010 3129 suos
1032 3090 1104 3129 cum
1127 3067 1259 3140 consite,
1279 3067 1336 3154 qui
1358 3081 1478 3134 terrani

361 3191 452 3230 suam
469 3165 658 3254 egrediens,
674 3165 748 3228 loco
766 3190 825 3229 suo
842 3167 978 3254 reliquit
992 3180 1061 3231 tres
1081 3167 1214 3244 milites,
1233 3169 1289 3256 qui
1304 3193 1376 3234 eam
1394 3193 1478 3253 rege-

361 3281 448 3346 rent,
466 3281 498 3332 et
521 3267 660 3332 ballivos
681 3279 713 3332 et
733 3268 906 3346 scabinos,
934 3268 1067 3354 quaudo
1096 3294 1233 3335 neeesse
1263 3286 1364 3348 esset,
1392 3271 1479 3336 insti·

360 3381 492 3434 tuerent
514 3395 520 3432 :
539 3370 622 3434 duos
642 3367 771 3433 nobiles
787 3361 891 3446 ¹viros,
915 3369 1131 3438 Wilhelmum
1151 3372 1191 3436 de
1208 3371 1334 3438 Nivella
1355 3387 1387 3437 et
1406 3371 1480 3437 Phi·

360 3470 487 3560 lippum
509 3470 550 3534 de
566 3470 795 3560 Maldeghcm‚
820 3483 852 3535 et
874 3470 1019 3549 tertium,
1038 3497 1136 3560 quern
1152 3487 1246 3561 pater
1263 3499 1341 3538 suus
1358 3488 1391 3539 et
1413 3475 1480 3563 ipse

360 3574 401 3636 dc
426 3573 492 3637 imo
513 3573 546 3637 in
571 3572 671 3637 altum
692 3573 917 3650 elevaverant,
945 3573 1116 3662 Egidium,
1148 3576 1274 3640 dictum
1297 3576 1478 3650 Clericurn,

359 3676 465 3738 virum
483 3673 683 3739 industrium
701 3675 795 3738 valde
812 3687 845 3738 et
868 3674 998 3739 sortem.
1018 3675 1082 3759 Qui
1102 3677 1257 3766 Egidius,
1275 3678 1362 3742 circa
1384 3679 1479 3744 finem

359 3777 546 3856 Februarii,
564 3800 579 3839 a
599 3777 763 3852 iohanne,
793 3775 883 3840 dicto
906 3779 1068 3856 Frenum,
1091 3780 1301 3868 supradicto,
1321 3805 1387 3844 non
1407 3804 1480 3870 par·

360 3893 457 3943 cente
477 3878 633 3967 dignitati
648 3891 681 3942 et
699 3877 799 3942 statui
816 3880 900 3964 ejus,
914 3919 958 3928 --
974 3881 1146 3945 eratenim
1162 3883 1373 3948 consiliarius
1389 3879 1480 3972 quasi

361 4005 507 4045 summus
522 3980 653 4044 comitis
669 3993 701 4044 et
722 3980 795 4044 loco
810 3983 901 4067 ejus,
920 4022 963 4029 -
977 3984 1021 4047 ob
1041 3983 1216 4071 personale
1233 3985 1367 4062 odium,
1392 3984 1480 4074 quod

361 4107 438 4173 erga
454 4107 527 4147 enm
550 4083 705 4158 habebat,
730 4083 851 4171 Brugis
872 4096 922 4146 est
944 4085 1175 4174 interemptus.

405 4186 501 4252 Unde
539 4185 728 4262 sciendum,
760 4185 848 4271 quod
881 4186 1014 4273 quando
1048 4188 1271 4256 Flandrenses
1304 4216 1378 4256 cum
1406 4217 1480 4282 rege
