3154 5190
323 449 354 497 rt
701 451 851 502 ANNALES
867 451 1065 502 Geunnnsns
1384 451 1450 499 1304

323 565 479 630 resistere
500 589 566 631 non
592 568 750 647 valentes,
783 593 897 634 versus
924 569 1069 636 Insulam
1095 569 1296 657 aufugerunt
1320 596 1327 632 ε
1354 568 1451 632 unde

322 669 411 733 dicta
425 671 514 734 acies
529 669 602 736 sine
616 671 727 760 aliqua
744 671 935 736 resistentia
953 671 1064 736 omnia
1079 671 1225 737 tentoria
1241 685 1275 736 et
1289 669 1453 736 victualia

321 770 590 850 Flandrensium,
614 773 769 838 utensilia
785 787 818 838 et
833 773 1028 839 indumenta
1043 797 1160 863 rapere
1180 773 1271 862 cepit
1284 787 1316 838 et
1327 773 1454 860 depre-

322 871 416 951 dari;
438 873 499 938 alia
520 888 629 940 autem
653 876 760 953 acies,
789 901 854 964 que
876 878 976 942 missa
1002 891 1074 942 erat
1094 875 1134 942 ad
1161 875 1250 940 latus
1271 875 1450 950 dextrum,

322 975 471 1042 immisso
489 1001 594 1042 cuneo
618 1003 657 1042 ex
675 1001 711 1044 ea
730 979 865 1044 circiter
882 979 1020 1068 triginta
1044 979 1095 1044 vel
1112 979 1333 1068 quadraginta
1349 977 1454 1065 equi-

321 1091 391 1142 tum
408 1103 483 1144 cum
502 1081 691 1146 fortissimis
707 1085 801 1170 equis
819 1083 907 1146 inter
923 1106 1040 1147 currus
1058 1095 1089 1146 et
1106 1081 1341 1158 Flandrenses,
1360 1078 1455 1144 nite·

324 1181 422 1246 batur
440 1206 496 1246 eos
524 1205 540 1246 a
571 1184 724 1250 curribus
758 1183 909 1250 dividere
938 1196 972 1249 et
1004 1208 1021 1248 a
1053 1197 1150 1273 tergo
1175 1182 1343 1248 invadere.
1378 1181 1456 1246 Sed

323 1283 586 1352 Flandrensibus
598 1286 754 1352 ferociter
771 1311 807 1352 se
823 1287 864 1352 ad
883 1288 993 1352 dictos
1006 1287 1137 1376 equites
1151 1285 1356 1351 vertentibus
1372 1308 1457 1349 eum

325 1386 441 1467 hastis,
462 1387 526 1476 ipsi
542 1413 657 1454 omnes
682 1403 716 1455 et
735 1390 812 1478 equi
841 1389 992 1479 ipserum
1020 1388 1166 1454 confossi
1194 1401 1228 1454 et
1251 1388 1455 1475 interempti

326 1503 419 1569 sunt3
443 1491 531 1555 unde
552 1491 640 1556 dieta
657 1494 745 1557 acies
766 1492 876 1557 adhue
895 1495 1000 1582 magis
1017 1490 1298 1580 circumequitans
1318 1490 1410 1555 venit
1435 1514 1457 1554 a

324 1607 419 1684 tergo
435 1594 517 1659 aciei
531 1594 696 1659 exercitus
714 1595 985 1673 Flandrensium,
1000 1597 1044 1660 ita
1062 1595 1153 1684 quod
1171 1595 1258 1659 inter
1272 1606 1458 1682 utramque

326 1709 420 1760 erant
437 1698 668 1762 tantummodo
684 1698 827 1786 predicti
848 1720 966 1764 currus
981 1697 1188 1788 conglobati.
1212 1699 1458 1784 Ceperuntque

326 1799 457 1886 pedites
490 1799 571 1863 aciei
603 1801 693 1890 regis
730 1801 890 1888 paulatim
923 1801 1119 1866 abstrahere
1154 1823 1271 1865 currus
1301 1811 1334 1863 et
1361 1799 1458 1862 viam

326 1925 443 1990 parare
466 1903 636 1990 equitibus
661 1903 747 1982 suis,
769 1916 804 1966 ut
826 1903 1050 1968 Flandrenses
1074 1902 1270 1966 invaderent
1299 1923 1314 1964 a
1336 1912 1456 1990 tergo.

327 2003 425 2087 Quod
444 2017 478 2068 ut
498 2003 721 2069 Flandrenses
743 2006 916 2083 viderunt,
943 2007 1054 2071 statim
1070 2003 1230 2069 lancearii
1247 2027 1287 2068 ex
1306 2003 1345 2068 iis
1360 2003 1459 2068 bene

328 2106 444 2170 armati
467 2106 690 2174 ascenderunt
711 2131 827 2172 currus
850 2119 883 2171 et
903 2107 1037 2196 pedites
1057 2107 1146 2195 regis
1162 2108 1203 2171 ab
1224 2105 1459 2171 abstractione

327 2232 483 2274 curruum
500 2222 706 2274 amoverunt.
726 2209 825 2274 Acies
845 2209 949 2298 igitur
972 2209 1074 2289 dicta,
1098 2209 1217 2276 videns
1242 2226 1277 2273 se
1297 2208 1329 2272 in
1355 2207 1459 2273 nullo

327 2335 426 2400 posse
445 2311 487 2375 ad
506 2325 741 2376 nocumentum
763 2313 1019 2378 Flandrensium
1048 2311 1223 2401 proficere,
1249 2310 1289 2374 ad
1312 2309 1460 2398 predam

329 2427 361 2476 et
377 2413 526 2502 rapinam
548 2439 663 2478 versus
688 2429 834 2479 montem
854 2415 1082 2490 Pavellensem
1109 2439 1144 2480 se
1171 2412 1352 2490 convertit3
1379 2426 1460 2477 erat

329 2517 416 2602 enim
441 2528 582 2604 utraque
609 2517 697 2582 acies
723 2517 891 2584 antedicta
914 2531 980 2582 tam
1002 2519 1152 2607 equitum
1174 2539 1271 2604 qoam
1299 2514 1459 2604 peditum

328 2617 369 2682 de
381 2619 547 2682 extraneis
561 2633 594 2682 et
609 2620 831 2684 conducticiis
844 2620 933 2709 regis
945 2644 1006 2708 pro
1020 2618 1134 2707 majori
1147 2631 1253 2707 parte.

374 2721 455 2784 Cum
474 2745 555 2810 ergo
573 2746 634 2808 per
655 2725 813 2810 majorem
829 2736 958 2812 partem
975 2721 1041 2787 diei
1060 2721 1108 2786 sie
1120 2721 1208 2787 inter
1225 2722 1308 2788 duas
1322 2719 1458 2808 longis-

330 2823 429 2886 simas
450 2823 538 2888 acies
554 2824 707 2902 hostiles,
724 2839 761 2889 ut
775 2825 902 2890 dietum
921 2838 983 2902 est,
1001 2824 1129 2912 pariter
1147 2836 1330 2914 pugnatum
1348 2837 1457 2902 essct,

330 2938 362 2989 et
380 2926 468 2990 inter
484 2949 539 2990 ees
555 2928 649 2992 multi
665 2928 760 2992 valde
778 2930 929 3015 jacerent
950 2941 1017 2992 tam
1040 2926 1102 2991 viri
1119 2951 1216 3014 quam
1233 2925 1311 3014 equi
1328 2923 1455 3004 occisi,

330 3040 363 3092 et
375 3031 474 3092 etiam
489 3054 527 3093 ex
538 3044 679 3119 utraque
691 3043 786 3119 parte
795 3054 854 3118 pre
871 3029 1022 3118 pondere
1033 3054 1200 3095 armorum
1213 3041 1245 3094 et
1257 3027 1361 3094 estivo
1375 3051 1456 3092 ean·

332 3144 417 3194 mate
442 3131 514 3197 sine
534 3131 730 3197 vulneribus
751 3131 906 3196 suffocati
929 3131 1151 3196 :videntibus
1174 3129 1454 3206 Flandrensibus,

330 3257 445 3297 versus
462 3247 608 3299 montem
627 3234 751 3312 omniu,
770 3258 835 3324 que
851 3236 890 3298 ad
909 3258 966 3298 eos
980 3233 1206 3321 pertinebant,
1225 3256 1298 3296 esse
1315 3245 1407 3320 rapta
1422 3245 1455 3295 et

332 3335 527 3422 depredata,
541 3336 610 3401 sole
620 3339 688 3423 jam
706 3337 890 3426 incipiente
901 3336 1040 3402 tendere
1053 3336 1094 3403 ad
1105 3361 1271 3414 occasum,
1285 3335 1453 3400 lohannes

332 3439 585 3515 Namurcensis‚
611 3438 669 3528 qui
694 3441 931 3506 Gaudensibns
957 3452 1107 3529 preerat,
1132 3438 1267 3504 nuutios
1297 3437 1387 3503 misit
1412 3439 1452 3502 ad

332 3542 528 3619 Robertum,
548 3540 763 3608 Wilhelmum
780 3541 1030 3630 etPhilippum,
1049 3541 1118 3629 qni,
1137 3555 1173 3606 ut
1187 3540 1374 3628 predictum
1388 3552 1451 3618 est,

333 3642 406 3708 aliis
422 3644 630 3731 ,prefuerunt
655 3645 937 3723 Flandrensibus,
959 3669 1103 3732 querens
1121 3645 1163 3709 ab
1182 3643 1242 3720 iis,
1263 3641 1345 3732 quid
1367 3643 1453 3707 lacto

333 3770 417 3834 opus
435 3759 537 3824 esset,
559 3745 723 3835 simulque
748 3747 946 3825 ostendens,
965 3773 1000 3811 se
1020 3761 1053 3811 et
1076 3771 1170 3821 suos,
1198 3748 1254 3836 qui
1282 3746 1324 3810 ad
1350 3769 1451 3810 cornu

334 3849 506 3914 sinistrum
532 3862 638 3927 erant,
664 3850 753 3914 bello
776 3875 848 3914 esse
877 3851 981 3916 sessos
1010 3864 1042 3915 et
1064 3864 1292 3940 pregravatos.
1323 3847 1452 3931 Quibus

333 3951 501 4016 communi
525 3952 666 4017 consilio
693 3952 756 4017 hoe
784 3952 890 4018 visum
920 3966 982 4030 est,
1010 3966 1042 4018 et
1067 3955 1110 4018 ita
1138 3953 1168 4017 ei
1189 3950 1450 4040 responderunt,

333 4052 422 4143 quod
438 4078 512 4120 cum
528 4054 696 4120 horrendo
714 4055 857 4122 elamore
871 4069 904 4119 et
917 4056 1001 4135 alto,
1024 4055 1190 4144 simulque
1210 4053 1309 4118 etiem
1327 4066 1449 4118 etcum

334 4156 427 4222 totali
448 4180 505 4220 sua
528 4181 644 4246 magna
658 4157 741 4236 acie,
760 4157 864 4222 aciem
880 4159 1082 4224 Francorum
1101 4158 1309 4234 invaderent,
1331 4169 1364 4221 et
1379 4156 1453 4244 qui-

335 4261 398 4325 bus
418 4261 541 4326 faveret
555 4263 657 4340 Deus,
676 4259 724 4325 eis
739 4260 876 4326 victoria
892 4261 1145 4328 concederetur.
1166 4261 1288 4348 Sicque
1305 4258 1452 4347 aliquan·
