3154 5190
116 439 179 496 taos
497 435 646 494 anantes
665 389 859 494 canutasts
1163 515 1166 523 Ι
1209 441 1239 496 a

116 564 244 628 dictum
264 576 325 644 est,
351 562 498 650 prelatus
519 585 711 638 conversas,
734 563 784 625 vir
799 585 959 650 procerus
978 576 1011 626 et
1030 563 1184 628 robustus
1203 587 1240 627 ac

116 667 204 731 bene
216 679 373 744 armatus,
388 666 421 729 in
435 665 596 728 Curtruco
614 663 674 728 fuit
688 688 763 728 cum
780 664 1024 753 Brugensibus.
1044 667 1108 746 Qui
1123 666 1240 730 videns

116 768 294 856 quemdam
309 767 342 831 in
360 769 506 831 exercitu
522 766 719 830 Flandrensi
736 767 914 831 habentem
927 769 1102 856 quamdam
1123 770 1240 832 l'ustem

115 870 335 959 prevalidam,
355 868 550 944 esculinam,
568 869 690 932 lamiae
716 869 820 934 ferrea
844 868 877 933 ia
899 869 1008 960 capite
1029 869 1241 960 circumliga-

116 987 198 1051 tam,
220 997 294 1037 cam
316 970 508 1037 acutissimo
526 973 613 1035 serra
629 970 880 1050 decalibratam,
900 996 965 1061 que
981 973 1094 1062 lingua
1115 973 1242 1062 vulgari

115 1088 253 1140 vocatur
269 1077 350 1164 stas,
378 1098 449 1138 eam
472 1075 568 1151 emit,
596 1074 679 1138 dans
704 1099 765 1162 pro
791 1075 863 1162 ipsa
887 1099 985 1138 unam
1012 1098 1131 1162 equam
1158 1074 1242 1164 opti·

117 1201 218 1255 mam,
235 1201 334 1266 quam
350 1201 462 1241 secum
478 1176 520 1241 de
542 1175 745 1240 monasteria
761 1199 821 1240 suo
837 1177 1032 1254 adduxerat,
1054 1191 1086 1242 et
1106 1179 1139 1242 in
1155 1178 1243 1242 bello

116 1280 272 1367 predicto
300 1279 492 1344 virilissime
520 1303 691 1368 pugnans,
718 1279 899 1366 prostravit
931 1303 1004 1344 cum
1031 1281 1120 1346 dicta
1156 1281 1242 1345 laste

116 1383 325 1446 Francorum
343 1381 590 1445 multitudinem
607 1379 788 1468 copiosam.
809 1382 861 1445 Ob
879 1405 976 1470 quam
998 1406 1142 1458 causam,
1166 1384 1244 1447 licet

117 1485 161 1548 de
179 1485 300 1575 Brugis
318 1484 480 1548 oriundus
500 1507 567 1547 non
588 1496 689 1560 esset,
704 1498 815 1547 tamen
832 1483 1060 1549 communitati
1077 1486 1243 1576 Brugensi

117 1609 253 1674 semper
274 1599 390 1674 postea
412 1585 472 1649 luit
497 1598 659 1673 acceptus·
675 1597 708 1649 et
724 1585 905 1674 gratiosus,
928 1599 961 1650 et
981 1586 1057 1651 ideo
1078 1589 1186 1676 ipsum
1203 1589 1244 1653 de

119 1701 227 1752 morte
243 1688 294 1752 vel
312 1688 429 1752 saltem
444 1687 485 1751 de
501 1700 662 1776 perpetua
679 1687 942 1752 incarceratione
966 1689 1120 1755 liberavit
1132 1692 1153 1755 ¹.
1178 1692 1244 1757 Sed

118 1794 185 1856 hoc
203 1791 317 1855 comiti
333 1804 365 1854 et
381 1788 552 1855 nobilibus
569 1803 603 1854 et
614 1789 796 1877 majoribus
812 1790 889 1854 ville
905 1793 1089 1880 Brugensis
1108 1806 1142 1857 et
1155 1806 1245 1858 terre

117 1893 338 1958 Flaudreasis
354 1894 492 1958 multum
511 1891 698 1982 displicuit,
721 1905 755 1956 et
774 1895 906 1970 merito,
925 1895 1001 1982 quia
1025 1895 1144 1960 lactum
1164 1896 1245 1961 dicti

118 1996 276 2060 conversi
296 1994 395 2059 nimis
415 1995 550 2060 crudele
573 1994 633 2059 l'uit
655 2008 688 2059 et
703 2019 851 2060 enorme.

166 2101 283 2162 Mense
328 2096 538 2186 Septembri,
583 2098 748 2162 Hearicus
780 2121 891 2163 comes
922 2101 1244 2190 liucernburgensis,

121 2204 219 2288 cujus
233 2214 327 2289 pater
339 2201 441 2264 frater
457 2199 518 2264 luit
533 2200 687 2278 lsabelle,
706 2200 873 2288 quondam
891 2201 1062 2268 comitisse
1073 2203 1243 2279 Flaodrie,
1262 2252 1268 2260 .

122 2316 155 2367 et
178 2305 275 2390 cujus
299 2315 404 2366 mater
430 2301 496 2366 filia
522 2300 584 2365 fuit
609 2301 764 2366 Balduini
787 2302 829 2366 de
848 2303 1000 2382 Avenna,
1028 2305 1138 2370 fratris
1165 2307 1247 2373 Gui-

121 2403 222 2469 donis
252 2403 383 2468 comitis
415 2403 585 2481 Flaodrie,
622 2403 657 2468 in
682 2429 795 2493 regem
821 2404 1085 2472 Alemannieest
1105 2409 1262 2487 electae,·
1317 2419 1322 2428 '

121 2521 156 2572 et
185 2506 340 2594 sequenti
379 2506 462 2570 sesto
493 2506 720 2594 Epiphaniet,
758 2508 979 2596 Aquisgrani,
1018 2534 1093 2574 curn
1130 2511 1246 2604 magna

122 2608 335 2674 solemnitate
353 2622 386 2673 et
404 2607 509 2672 letitia
527 2633 674 2687 suorum,
696 2623 887 2674 coronatus.
909 2613 999 2676 Uxor
1014 2627 1123 2678 autem
1143 2614 1248 2704 ipsias

121 2725 205 2776 tuuc
222 2712 283 2775 luit
309 2736 405 2776 soror
430 2710 604 2790 lobannis,
631 2709 725 2778 ducis
746 2711 943 2790 Brabantie‚
966 2729 1106 2804 cognata
1126 2721 1197 2804 ejus
1216 2719 1249 2782 iu

123 2813 275 2878 secundo
299 2815 423 2902 gradu,
455 2838 516 2902 per
542 2814 633 2878 curie
659 2815 819 2880 Romanie
844 2814 1142 2903 dispensationem.
1162 2821 1250 2885 Ante

124 2915 249 2980 multus
275 2917 364 2982 euim
391 2940 514 2996 annus,
538 2940 657 3006 guerra
686 2918 849 2981 existente
868 2941 929 3008 pro
947 2918 1069 2985 ducatu
1089 2924 1249 2988 Lembur-

123 3017 223 3108 gensi
243 3017 331 3083 ioter
349 3020 547 3098 iohannem,
565 3020 684 3086 ducem
700 3021 895 3096 Brabantie‚
915 3034 1042 3107 patrem
1059 3024 1148 3090 dicte
1170 3051 1250 3091 uxo-

125 3121 171 3184 ris
185 3145 255 3200 sue,
269 3134 302 3185 et
316 3122 469 3185 comitem
483 3122 703 3186 Ghelrcusem
715 3172 722 3200 ,
734 3123 791 3210 qui
808 3121 906 3186 etiarn
923 3124 1040 3188 habuit
1055 3126 1155 3192 filiam
1167 3130 1250 3194 Gui-

125 3222 225 3288 donis
246 3247 286 3287 ex
306 3223 452 3290 secunda
471 3247 590 3301 uxore,
610 3248 698 3288 anno
717 3223 851 3288 Domini
875 3225 1247 3310 .M.CC.LXXX.Vlll.,

127 3350 242 3391 mense
257 3325 368 3406 lunia,
391 3351 466 3390 cum
486 3325 597 3390 multis
615 3325 785 3392 nubilibus
806 3339 838 3389 et
854 3326 984 3392 duobus
1007 3332 1134 3419 magnis
1155 3357 1249 3398 exer-

126 3428 252 3492 citibus
272 3442 500 3494 convenerunt
516 3428 555 3492 ad
575 3429 699 3493 bellum
717 3429 809 3516 juxta
832 3429 1016 3510 Coloniam,
1033 3431 1066 3496 iu
1086 3432 1171 3512 loco,
1193 3437 1249 3524 qui

130 3530 472 3610 Woeronc3diaitur,
496 3530 623 3620 luitque
644 3555 718 3595 cum
743 3531 864 3596 comite
888 3532 1066 3598 Ghelreosi
1088 3537 1250 3626 archiepi-

162 3807 184 3854 1.
204 3805 485 3868 Gui11.deSaeatngen
498 3812 618 3880 partage,
631 3823 661 3854 en
671 3807 792 3865 Fhandre,
805 3808 831 3854 la
843 3808 992 3887 populerit&
1008 3809 1038 3858 de
1052 3810 1139 3860 Pierre
1155 3811 1252 3862 Coninc

128 3876 155 3916 ct
169 3869 275 3916 delean
291 3868 403 3916 Breidel.
418 3869 454 3914 En
468 3875 534 3916 salte
547 3869 578 3916 de
592 3886 621 3915 sa
634 3870 742 3926 revulte,
757 3870 823 3916 dans
836 3869 957 3934 lubbaye
970 3873 1001 3918 de
1017 3871 1067 3919 Ter
1080 3873 1167 3931 Deest,
1184 3874 1253 3923 illut

129 3930 311 3980 excommunic*
325 3947 374 3994 pur
387 3930 499 3980 l’ollieiul
512 3931 543 3978 de
557 3931 685 3988 Tournai;
705 3932 781 3990 mois,
803 3949 854 3995 pen
872 3935 959 3995 apres,
976 3934 1000 3980 le
1019 3935 1090 3996 legat
1110 3937 1250 4000 Berenger,

128 3998 228 4056 eaeque
244 3994 275 4040 de
288 3993 440 4049 Tusculum,
453 3993 566 4051 declara,
575 3995 765 4056 purlettresdu
774 3995 960 4058 lssseptembre
973 3997 1041 4054 1309,
1057 3997 1094 4044 lui
1108 3999 1183 4048 avoir
1193 4017 1253 4064 per-

130 4057 217 4102 donne¹
230 4059 245 4102 rt
258 4055 389 4102 condition
403 4055 466 4118 qu'il
483 4056 608 4104 eatrerait
620 4057 686 4103 dans
699 4057 795 4104 l’ordre
809 4057 855 4104 des
872 4057 1046 4119 Hospitallers
1063 4067 1089 4106 et
1100 4061 1163 4108 iruit
1179 4079 1251 4109 com-

132 4119 218 4166 buttre
232 4133 299 4180 pour
314 4118 340 4165 la
353 4119 458 4165 defense
472 4119 502 4165 de
521 4119 547 4165 la
561 4118 640 4167 Terre
657 4120 755 4167 Salute.
770 4121 818 4168 Les
831 4126 901 4168 actes
920 4127 978 4167 sunt
993 4121 1065 4183 publ.
1083 4139 1133 4185 par
1150 4125 1251 4188 Kcrvyn

131 4181 164 4227 de
176 4180 345 4237 Lettenhove,
362 4180 449 4228 Codex
461 4182 594 4238 Duneusis,
608 4197 633 4244 p.
652 4183 752 4228 236-112.

163 4246 186 4292 2.
207 4244 240 4290 Le
253 4245 267 4290 6
278 4241 381 4304 janvier
394 4244 461 4290 1309.

163 4308 186 4352 3.
206 4305 241 4352 La
255 4305 361 4352 butaille
373 4305 405 4352 de
418 4305 573 4368 Wueringen
585 4307 623 4352 lut
635 4305 717 4353 livre'e
730 4305 754 4352 le
765 4306 793 4352 15
804 4306 858 4368 juin
872 4306 940 4354 1288.
