3154 5190
93 437 155 488 130³
473 435 623 488 nuntius
641 436 835 487 GANDENSES
1186 437 1217 486 49

92 553 249 620 Guidone
265 567 297 619 et
319 553 387 619 suis
417 554 591 638 confracti,
619 567 714 645 terga
750 553 995 642 prebueruntl.
1028 554 1215 642 Antequam

92 669 204 722 autem
229 655 312 723 illud
335 655 459 721 bellum
486 654 665 747 inciperet,
691 655 864 722 audientes
885 654 1071 746 Flamingi,
1099 655 1156 747 qui
1182 657 1216 724 iu

93 756 175 822 mari
193 771 300 838 erant,
316 756 504 824 Guidonem
522 758 563 824 ad
579 772 702 824 terram
720 757 924 837 ascendisse,
943 756 1130 824 ascendunt
1145 758 1217 848 qui·

92 859 169 924 darn
192 858 234 925 de
259 860 337 926 villa
359 872 394 925 et
413 860 584 926 territorio
611 859 790 951 Brugensi,
813 861 885 926 sine
911 859 1023 951 aliquo
1048 861 1138 926 'duce
1165 859 1216 930 vel

92 960 282 1051 capitaneo,
301 963 437 1030 circiter
447 962 566 1053 viginti
582 965 730 1052 quinque
748 961 811 1029 viri
828 987 902 1028 curn
924 987 990 1029 uno
1008 963 1128 1029 vexillo
1145 988 1218 1054 pre·

92 1063 175 1130 lium
191 1064 396 1130 affectantes.
422 1067 487 1147 Qui
507 1066 658 1132 videntes
677 1065 808 1155 alonge
825 1065 929 1132 aciem
945 1091 1099 1158 maguam
1119 1066 1219 1132 circi·

92 1180 146 1232 ter
174 1165 316 1234 duorum
337 1167 478 1233 millium
493 1169 639 1233 hostium
659 1193 775 1233 versus
793 1192 851 1233 eos
870 1169 1071 1248 venientem,
1092 1191 1218 1234 annue-

92 1281 171 1335 runt
194 1269 293 1335 sociis
314 1271 399 1349 suis,
426 1270 482 1359 qui
508 1283 602 1336 erant
619 1271 654 1336 in
680 1271 775 1350 mari,
804 1277 893 1336 ut'se
915 1271 1076 1338 velociter
1096 1295 1218 1362 seque·

93 1385 224 1452 rentur,
244 1374 334 1462 quod
350 1386 507 1462 prompto
528 1374 638 1438 animo
657 1373 886 1461 perfecerunt,
911 1397 996 1440 unus
1019 1386 1096 1463 post
1118 1374 1218 1439 aliurn

93 1474 333 1560 ascendentes;
358 1499 500 1564 cumque
521 1490 617 1541 erant
638 1477 773 1541 circiter
798 1489 932 1542 centum
961 1475 1217 1567 quinquaginta,

93 1601 211 1641 versus
224 1577 339 1642 hostes
353 1577 569 1658 incedebant,
589 1591 762 1643 crescente
778 1578 936 1644 continue
952 1577 1101 1667 ipsorum
1118 1577 1220 1642 socie·

94 1691 176 1744 tate.
197 1680 499 1769 Conveneruntque
521 1679 586 1746 duo
607 1681 747 1746 hostiles
764 1681 930 1746 exercitus
949 1705 1050 1770 super
1068 1680 1221 1746 strictum

94 1805 266 1870 aggerem,
289 1795 324 1846 ut
347 1807 414 1848 non
441 1783 506 1847 nisi
531 1796 674 1870 quatuor
703 1783 754 1848 vel
778 1782 1006 1873 quinqueviri
1037 1784 1153 1849 armati
1186 1782 1220 1848 in

95 1884 207 1948 l'route
222 1883 405 1950 lateraliter
419 1905 569 1974 pugnare
585 1898 753 1974 poterant,
771 1899 803 1952 et
821 1885 966 1952 habebat
986 1911 1088 1977 agger
1106 1885 1162 1951 ille
1182 1909 1222 1950 ex

96 1999 241 2074 utroque
266 1986 369 2052 latere
398 2011 516 2076 aquarn
543 1988 745 2076 profundam
772 1989 864 2053 satis.
897 1992 1085 2080 Pugnatum
1109 1990 1222 2077 itaque

95 2101 146 2152 est
167 2086 216 2152 ibi
231 2088 354 2154 acriter
369 2089 477 2168 valde,
488 2103 554 2156 tam
574 2090 838 2156 Flandrensibus
855 2115 954 2179 quam
969 2091 1125 2157 hostibus
1138 2089 1220 2170 suis,

95 2215 136 2255 ex
154 2203 297 2279 utroque
310 2191 412 2256 latere
431 2194 576 2284 aggeris,
592 2193 789 2259 cadentibus
803 2193 837 2258 iu
851 2218 982 2285 aquam.
998 2194 1066 2262 Sed
1084 2194 1221 2258 tandem

95 2293 323 2360 Flandreuscs
335 2294 545 2381 prevalentes
557 2319 635 2360 suos
648 2295 691 2360 de
702 2320 786 2384 aqua
800 2309 1028 2377 extraxerunt,
1042 2298 1224 2387 hostesque

96 2419 191 2474 suos,
217 2397 274 2485 qui
302 2399 336 2460 in
366 2421 484 2485 aquam
513 2397 721 2478 ceciderant,
756 2398 925 2484 submergi
960 2412 1163 2489 coegerunt,
1192 2413 1225 2464 et

96 2496 264 2584 fugientes
279 2498 431 2564 cedendo
447 2499 590 2565 insecuti
603 2512 692 2566 sunt.
707 2501 819 2566 Occisi
837 2514 914 2566 sunt
927 2501 975 2566 ibi
993 2502 1044 2566 vel
1058 2501 1225 2568 submersi

96 2599 253 2678 ducenti;
272 2599 408 2688 reliqui,
432 2601 557 2666 relictis
578 2601 695 2680 arinis,
720 2601 875 2690 plurimis
896 2626 936 2668 cx
956 2602 1004 2668 eis
1026 2601 1223 2686 vulneratis,

97 2701 311 2792 aufugerunt.
344 2705 423 2766 Erat
449 2715 559 2770 autem
581 2703 688 2781 locus,
717 2703 751 2768 in
781 2728 847 2792 quo
875 2703 966 2770 istud
995 2704 1120 2772 bellum
1149 2705 1222 2786 fuit,

99 2804 230 2869 distans
251 2828 268 2868 a
288 2803 375 2883 loco,
400 2804 435 2870 in
462 2829 529 2895 quo
553 2804 664 2870 Guido
691 2819 724 2870 et
749 2805 800 2871 sui
822 2807 1066 2895 preliabantur,
1091 2807 1226 2874 circiter

99 2931 161 2996 per
188 2905 365 2972 dimidium
389 2907 530 2972 miliare.
560 2907 745 2974 Audientcs
770 2922 880 2974 autern
904 2910 1088 2999 aquodam
1109 2910 1226 2977 nuntio

101 3009 164 3089 illi,
192 3009 251 3097 qui
278 3009 334 3075 hic
366 3010 527 3089 vicerant,
562 3010 653 3100 quod
680 3011 791 3076 Guido
821 3024 853 3076 et
886 3011 937 3076 sui
971 3037 1044 3080 cum
1073 3012 1227 3079 hostibus

100 3123 307 3202 pugnarent,
339 3111 533 3178 omittentes
570 3112 626 3177 diu
659 3112 792 3201 insequi
832 3114 946 3179 hostes
980 3139 1074 3196 suoS,
1112 3139 1226 3181 versus

100 3213 225 3302 ipsum,
252 3213 311 3303 qui
338 3237 414 3280 suos
438 3216 553 3279 hostes
578 3217 645 3302 jam
676 3214 783 3280 victos
808 3217 1058 3305 insequebatur,
1085 3217 1226 3305 profecti

101 3328 197 3394 sunt;
218 3313 438 3404 videntesque
458 3341 515 3381 cos
531 3316 593 3398 illi,
614 3315 670 3404 qui
687 3341 762 3382 cum
782 3317 937 3383 Guidone
955 3333 1062 3398 erant,
1081 3319 1226 3410 alonge,

102 3442 177 3482 cum
195 3441 313 3506 magna
333 3416 403 3482 acie
422 3443 539 3483 versus
559 3442 617 3482 ecs
639 3420 825 3499 venientes,
850 3422 1014 3508 putabant
1037 3420 1130 3510 ipsos
1155 3446 1228 3486 esse

103 3519 271 3584 inimicos}
300 3520 395 3586 Unde
423 3520 538 3584 hostes
566 3545 643 3586 suos
675 3523 808 3612 insequi
837 3521 1029 3588 omittentes
1058 3523 1162 3590 aciem
1187 3523 1229 3588 ad

104 3620 323 3713 pugnandum
353 3623 612 3712 componebant.
639 3624 712 3688 Sed
744 3648 825 3690 cum·
844 3629 1175 3715 appropinquassent
1196 3639 1231 3692 ct

106 3747 165 3810 per
186 3725 283 3815 signa
303 3724 424 3790 bellica
445 3749 502 3789 eos
518 3723 642 3791 amicos
664 3741 919 3816 cognoscerent,
937 3741 982 3808 et,
1005 3730 1095 3818 quod
1116 3730 1229 3794 hostes

108 3851 185 3891 suos
207 3828 305 3892 etiarn
331 3825 417 3892 sicut
444 3826 509 3916 ipsi
536 3827 697 3906 vicerant,
722 3842 839 3916 postea
858 3828 1100 3917 intelligerent,
1125 3831 1232 3921 gavisi

137 4048 160 4096 1.
179 4049 213 4096 Le
226 4047 317 4096 chr-oni
337 4065 402 4096 ueur
414 4046 572 4104 hollandais,
586 4048 661 4096 Melia
674 4049 762 4106 Stohe,
773 4049 888 4098 attribue
901 4051 927 4098 la
945 4051 1040 4098 dssaite
1051 4053 1083 4100 dc
1097 4069 1138 4101 ses
1154 4071 1232 4102 com·

107 4109 235 4170 patriotes
253 4113 269 4157 d
285 4065 452 4160 labarention
473 4112 505 4158 de
524 4111 589 4158 Paul
605 4111 739 4167 Blauvoet,
761 4117 910 4160 entrainant
924 4114 963 4161 les
981 4114 1146 4178 contingente
1165 4117 1230 4180 qu'll

107 4172 306 4220 commandait:
327 4191 338 4222 a
356 4173 421 4222 Paul
440 4174 567 4220 Blauvoet
584 4179 609 4220 et
628 4174 666 4220 les
684 4174 762 4232 siens,
781 4191 881 4222 comme
904 4175 923 4222 il
943 4183 1021 4238 parnt
1048 4177 1153 4225 &vident
1178 4196 1231 4226 aux

107 4237 360 4343 ndtrepqspass'crent
378 4236 457 4290 alors,
478 4238 493 4282 la
507 4236 565 4283 leur
579 4235 754 4292 ddshonneur,
773 4236 808 4283 du
823 4240 879 4284 cote
894 4237 940 4285 des
951 4239 1076 4286 cnnemis.
1092 4261 1104 4283 a
1116 4240 1170 4288 Liv.
1186 4241 1232 4300 lv,

108 4309 169 4344 vers
230 4333 235 4346 .

164 4387 373 4428 runca-ammo.
383 4409 410 4419 —
419 4389 507 4429 Arinates
518 4387 638 4428 Gondcnser.
1154 4399 1167 4432 ι
