3154 5190
358 475 388 530 62
737 473 886 528 lunatas
904 471 1098 529 GANDENSES
1422 469 1479 524 idol

404 599 500 664 Circa
534 595 736 686 principium
766 593 926 688 Augusti,
962 621 1020 661 rex
1056 596 1263 661 Tornacum¹
1302 619 1379 659 cum
1411 607 1479 657 toto

359 700 506 766 exercitu
536 722 595 764 suo
621 698 708 764 intra
732 698 890 764 Flandrie
922 698 1057 776 limites,
1081 712 1149 762 tam
1184 696 1336 762 stabilem
1369 696 1479 761 sedern

360 801 478 866 nullibi
501 801 613 890 aliquo
638 814 789 889 ternpore
814 797 935 874 tenuit,
969 801 1059 890 quod
1090 825 1107 864 a
1129 799 1396 866 Flandrensibus
1423 821 1482 886 per

360 903 485 968 bellum
505 903 615 992 potuit
633 903 765 992 attingi.
788 902 973 969 Videbatur
993 901 1080 967 enim
1103 903 1192 966 nolle
1212 901 1367 991 preliari,
1389 912 1479 964 ante-

359 1029 455 1094 quam
475 1005 540 1070 sibi
566 1017 748 1084 constaret,
766 1005 910 1093 qualiter
929 1004 963 1069 in
985 1003 1143 1069 Zelaudia
1163 1003 1197 1069 in
1212 1003 1435 1072 Wilhelmum
1452 1014 1482 1064 et

359 1107 547 1173 Guidonem
567 1129 687 1197 guerra
712 1101 961 1172 terminaretur.
984 1093 1186 1174 Wilh⁸elmus
1205 1107 1292 1170 enirn
1313 1105 1481 1170 Juliacen-

359 1210 416 1288 sis,
440 1209 578 1274 audiens
609 1202 724 1298 ¹regern
750 1209 791 1274 ad
816 1233 950 1298 campos
980 1233 1165 1298 egressum,
1203 1208 1244 1273 de
1278 1205 1481 1272 occidentali

361 1311 516 1377 Flandria
544 1311 634 1377 venit
653 1337 727 1376 cum
748 1312 862 1401 pulcra
884 1305 1073 1377 comitativa
1097 1324 1314 1388 armatorum,
1337 1311 1371 1374 in
1389 1309 1481 1374 auxi-

357 1414 438 1478 lium
455 1414 608 1479 avunculi
630 1414 681 1478 sui
701 1413 851 1502 Philippi
869 1414 910 1478 ad
930 1414 1147 1504 pugnandum
1170 1437 1244 1478 cum
1267 1439 1357 1503 rege.
1381 1411 1482 1478 Venit

358 1517 457 1581 etiarn
488 1517 528 1581 ad
554 1516 749 1604 Philippum
779 1518 946 1582 lohannes
969 1515 1224 1593 Namurcensis,
1251 1516 1353 1580 frater
1381 1539 1478 1591 suus,

359 1617 477 1682 relicto
488 1617 644 1684 Guidone
657 1615 802 1683 Zierioze
814 1617 1009 1697 obsidente3
1025 1617 1076 1682 cui
1091 1618 1260 1682 consuluit
1273 1631 1306 1682 et
1318 1628 1480 1706 quantum

357 1722 466 1809 potuit
480 1719 643 1808 injunxit,
667 1733 703 1785 ut
726 1721 817 1785 nullo
834 1720 933 1785 modo
951 1745 1024 1785 cum
1044 1719 1196 1784 hostibus
1221 1721 1333 1785 navale
1354 1719 1479 1785 bellum

358 1821 548 1887 invadendo
572 1823 797 1887 committeret
821 1823 1054 1888 —habebant
1081 1822 1168 1886 eninr
1201 1822 1314 1911 plures
1342 1845 1479 1912 magnas

360 1949 459 1989 naves
489 1939 522 1989 et
548 1926 661 2004 sortes,
682 1925 762 1988 licet
783 1924 895 1990 Guidc
920 1926 1062 1990 haberet
1077 1925 1190 2013 plures
1215 1925 1374 2004 minores,
1391 1965 1438 1974 -
1455 1921 1479 1988 si

358 2039 469 2091 tamen
486 2051 560 2091 eum
573 2052 633 2115 per
645 2051 733 2091 mare
749 2027 799 2091 vel
817 2052 878 2115 per
890 2040 1026 2106 terram,
1041 2026 1129 2116 quod
1142 2026 1189 2091 eis
1205 2025 1479 2093 difficillimumet

358 2128 451 2216 quasi
471 2129 680 2218 impossibile
696 2143 779 2207 erat,
798 2129 1006 2209 invaderent,
1024 2142 1104 2193 tunc
1118 2153 1153 2194 se
1170 2127 1309 2195 viriliter
1324 2131 1481 2195 defensa·

359 2244 419 2297 ret.
438 2233 507 2295 Hoc
524 2230 607 2295 illud
622 2221 738 2320 ¹sepius
756 2220 1056 2320 Guidoui-scripsit
1073 2245 1228 2296 strenuus
1245 2231 1340 2297 miles
1354 2234 1479 2298 lohan-

357 2357 416 2397 nes
435 2333 476 2396 de
498 2332 651 2411 Reuisse,
670 2333 784 2422 quiex
802 2346 896 2425 parte
914 2335 1019 2423 ipsius
1039 2335 1148 2398 tenuit
1163 2335 1364 2422 Trajectum.
1385 2337 1479 2400 Post·

357 2459 454 2523 quam
474 2435 562 2500 enim
584 2435 711 2514 Guido,
734 2437 912 2525 episeopus
937 2439 963 2501 T
966 2437 1182 2526 rajactensis,
1205 2451 1321 2528 captus
1342 2437 1422 2516 fuit,
1445 2449 1479 2500 ut

357 2558 454 2624 supra
474 2551 582 2626 patet,
606 2541 711 2627 major
736 2562 814 2625 pars
838 2540 1119 2627 'l'rajectensium,
1141 2535 1199 2627 qui
1223 2563 1298 2604 eum
1323 2539 1475 2617 oderant,

355 2638 502 2727 expulsis
518 2639 568 2703 vel
586 2640 707 2704 occisis
729 2641 885 2705 omnibus
903 2640 1017 2705 amicis
1037 2641 1123 2718 suis,
1148 2665 1182 2706 se
1204 2654 1386 2706 tenuerunt
1404 2665 1477 2707 curn

355 2741 510 2808 Guidone
522 2742 749 2808 Namuroensi.
769 2745 914 2811 Venerat
929 2743 1028 2808 etiam
1041 2742 1081 2808 ad
1094 2743 1288 2833 Philippum
1306 2745 1476 2810 Robertus

353 2840 580 2918 Nivernensis,
600 2839 688 2904 filius
705 2841 819 2928 junior
834 2842 974 2906 Roberti
991 2840 1092 2930 capti,
1110 2841 1327 2932 primogeniti
1343 2842 1476 2908 comitis

354 2936 532 3017 Guidonis,
555 2963 668 3002 mense
688 2938 897 3028 precedenti,
920 2939 1037 3004 relicto
1059 2941 1158 3003 l'ratrc
1176 2963 1237 3004 suo
1255 2940 1424 3006 Ludovico
1441 2939 1474 3004 in

356 3040 513 3104 comitatu
546 3065 626 3133 suo,¹
649 3065 723 3105 oum
756 3040 923 3119 omnibus,
964 3065 1028 3130 que
1067 3042 1099 3106 in
1137 3041 1274 3106 Francia
1314 3044 1474 3118 habebat,

356 3140 516 3206 dimissis.

403 3245 458 3310 Sic
472 3258 613 3332 quatuor
628 3244 831 3310 exercitibus
848 3245 881 3310 in
896 3245 1053 3310 Flandria
1066 3259 1098 3310 et
1113 3245 1270 3311 Zelaudia
1287 3247 1474 3336 dispositis.

355 3382 399 3400 ·-
416 3349 518 3436 rege‘2
535 3371 668 3435 semper
687 3347 729 3411 de
751 3348 824 3412 loco
850 3349 890 3411 ad
911 3347 1020 3412 locum
1045 3372 1140 3412 suum
1162 3351 1341 3414 exercitum
1366 3364 1475 3416 trans-

356 3462 504 3514 mutante
542 3463 577 3513 et
610 3449 769 3539 Philippo
801 3474 876 3514 curn
908 3449 1171 3518 Flandrensibus
1200 3450 1281 3540 ipsi,
1315 3468 1475 3541 quantum

357 3551 477 3641 potuit,
500 3553 857 3641 appropinquantc,-—
877 3552 1080 3618 admiraldus
1098 3577 1172 3618 oum
1193 3555 1476 3622 Hollandensibus

355 3654 549 3742 (Wilhelmo
583 3654 795 3719 adolescente
825 3656 934 3720 adhuc
964 3655 1004 3720 de
1036 3670 1125 3722 retro
1147 3659 1239 3745 juxta
1265 3683 1358 3723 suum
1385 3685 1475 3725 exer·

355 3890 459 3953 gentiex
467 3890 585 3938 hommes
594 3896 619 3937 et
629 3890 653 3938 lc
664 3889 794 3952 cupitaine
805 3889 839 3937 du
848 3892 943 3938 terroir
951 3891 982 3939 de
991 3892 1141 3940 Bourbourt
1150 3910 1166 3956 y
1175 3895 1201 3941 iu
1212 3895 1268 3958 pris
1277 3901 1302 3942 et
1310 3897 1404 3945 avoita
1415 3912 1474 3944 nom

356 3952 451 4000 mesine
465 3953 593 3999 Wautiers
606 3952 638 3998 de
656 3951 828 4008 Bruinkerke,
844 3959 869 3999 et
880 3958 938 4000 tout
955 3971 982 4002 se
999 3955 1107 4003 retraiat
1125 3956 1254 4004 chascuns
1270 3974 1285 4005 a
1301 3975 1328 4006 se
1349 3959 1439 4007 warde
1452 3975 1474 4006 n.

355 4013 424 4064 Bibl.
439 4029 494 4088 rap.
509 4014 541 4062 de
554 4014 699 4070 Bruxelles,
714 4029 763 4061 ms.
781 4016 920 4072 lasci-64,
936 4019 954 4066 f.
968 4019 1013 4065 204
1024 4028 1059 4066 ν’.

386 4077 408 4123 1.
428 4076 550 4139 Philipps
574 4077 598 4125 le
622 4077 667 4124 Bel
689 4077 753 4124 etait
775 4076 872 4124 devant
903 4079 1016 4126 Tournai
1042 4081 1067 4129 le
1091 4081 1120 4128 18
1142 4086 1205 4128 aodt
1226 4083 1300 4140 1304,
1322 4099 1423 4131 comme
1443 4099 1472 4130 en

354 4139 515 4202 temoignent
527 4139 572 4187 des
587 4141 677 4188 lettres
692 4139 806 4186 donnees
824 4155 873 4202 par
885 4139 931 4199 lui,
946 4143 961 4189 a
974 4149 1040 4190 cette
1053 4145 1112 4190 dete
1127 4157 1132 4189 :
1147 4160 1159 4190 u
1173 4142 1199 4190 in
1212 4145 1290 4192 tentis
1301 4153 1361 4193 ante
1372 4145 1472 4194 Torna-

355 4217 415 4248 cum
428 4219 451 4248 n.
464 4202 503 4249 Cf.
517 4201 663 4259 itineruire,
676 4201 750 4266 publ.
766 4201 831 4250 dans
844 4206 874 4250 D.
888 4207 1013 4267 Bcuquet,
1027 4205 1091 4260 XXI,
1105 4207 1159 4261 tat.
1173 4206 1202 4254 C.

385 4265 408 4313 2.
426 4265 461 4312 Le
473 4281 521 4312 ms.
534 4265 566 4314 de
577 4265 651 4314 Gend
665 4272 690 4312 et
706 4264 766 4312 l’ed.
780 4265 811 4312 de
828 4264 992 4330 Rumbourg,
1011 4267 1094 4316 cuivis
1108 4283 1157 4330 par
1172 4269 1207 4316 De
1227 4271 1299 4318 Smet
1314 4277 1340 4317 et
1357 4271 1472 4334 Lappen-

354 4325 429 4392 berg,
443 4335 548 4390 portent
560 4345 574 4374 u
586 4327 723 4392 dispositis
739 4343 754 4374 a
769 4343 831 4391 rege
844 4344 866 4376 n.
1162 4359 1164 4368 ι
