<?xml version="1.0" encoding="UTF-8"?>
<!DOCTYPE html PUBLIC "-//W3C//DTD XHTML 1.0 Transitional//EN"
    "http://www.w3.org/TR/xhtml1/DTD/xhtml1-transitional.dtd">
<html xmlns="http://www.w3.org/1999/xhtml" xml:lang="en" lang="en">
 <head>
  <title>
</title>
<meta http-equiv="Content-Type" content="text/html;charset=utf-8" />
  <meta name='ocr-system' content='tesseract 3.04.00' />
  <meta name='ocr-capabilities' content='ocr_page ocr_carea ocr_par ocr_line ocrx_word'/>
</head>
<body>
  <div class='ocr_page' id='page_1' title='image "./annalesgandense00funcgoog_0089.png"; bbox 0 0 3178 5192; ppageno 0'>
   <div class='ocr_carea' id='block_1_1' title="bbox 113 433 1232 498">
    <p class='ocr_par' dir='ltr' id='par_1_1' title="bbox 113 433 1232 498">
     <span class='ocr_line' id='line_1_1' title="bbox 113 433 1232 498; baseline -0.003 -2"><span class='ocrx_word' id='word_1_1' title='bbox 113 437 174 498; x_wconf 81' lang='lat' dir='ltr'><strong>taos</strong></span> <span class='ocrx_word' id='word_1_2' title='bbox 492 434 644 496; x_wconf 68' lang='lat' dir='ltr'><strong>linitus</strong></span> <span class='ocrx_word' id='word_1_3' title='bbox 662 433 856 496; x_wconf 72' lang='lat' dir='ltr'><strong>cannenses</strong></span> <span class='ocrx_word' id='word_1_4' title='bbox 1205 436 1232 493; x_wconf 83' lang='lat' dir='ltr'><strong>at</strong></span> 
     </span>
    </p>
   </div>
   <div class='ocr_carea' id='block_1_2' title="bbox 112 563 1237 1677">
    <p class='ocr_par' dir='ltr' id='par_1_2' title="bbox 112 563 1237 1677">
     <span class='ocr_line' id='line_1_2' title="bbox 113 563 1234 640; baseline -0.007 -8"><span class='ocrx_word' id='word_1_5' title='bbox 113 565 255 632; x_wconf 83' lang='lat' dir='ltr'><strong>Renisse</strong></span> <span class='ocrx_word' id='word_1_6' title='bbox 276 565 316 629; x_wconf 92' lang='lat' dir='ltr'><strong>de</strong></span> <span class='ocrx_word' id='word_1_7' title='bbox 333 563 490 629; x_wconf 88' lang='lat' dir='ltr'><strong>comitatu</strong></span> <span class='ocrx_word' id='word_1_8' title='bbox 512 563 726 640; x_wconf 90' lang='lat' dir='ltr'><strong>Zelandensi,</strong></span> <span class='ocrx_word' id='word_1_9' title='bbox 746 563 933 628; x_wconf 89' lang='lat' dir='ltr'><strong>Gossuinus</strong></span> <span class='ocrx_word' id='word_1_10' title='bbox 954 563 995 628; x_wconf 84' lang='lat' dir='ltr'><strong>de</strong></span> <span class='ocrx_word' id='word_1_11' title='bbox 1016 564 1234 627; x_wconf 85' lang='lat' dir='ltr'><strong>Gossenhove</strong></span> 
     </span>
     <span class='ocr_line' id='line_1_3' title="bbox 113 665 1234 746; baseline -0.004 -13"><span class='ocrx_word' id='word_1_12' title='bbox 113 669 155 732; x_wconf 91' lang='lat' dir='ltr'><strong>de</strong></span> <span class='ocrx_word' id='word_1_13' title='bbox 176 668 296 733; x_wconf 91' lang='lat' dir='ltr'><strong>ducatu</strong></span> <span class='ocrx_word' id='word_1_14' title='bbox 311 666 509 746; x_wconf 88' lang='lat' dir='ltr'><strong>Brabantie,</strong></span> <span class='ocrx_word' id='word_1_15' title='bbox 532 666 763 731; x_wconf 86' lang='lat' dir='ltr'><strong>Theudoricus</strong></span> <span class='ocrx_word' id='word_1_16' title='bbox 777 666 818 729; x_wconf 89' lang='lat' dir='ltr'><strong>de</strong></span> <span class='ocrx_word' id='word_1_17' title='bbox 836 666 1047 729; x_wconf 89' lang='lat' dir='ltr'><strong>Hondescote</strong></span> <span class='ocrx_word' id='word_1_18' title='bbox 1059 665 1083 741; x_wconf 85' lang='lat'><strong>¹,</strong></span> <span class='ocrx_word' id='word_1_19' title='bbox 1105 665 1234 730; x_wconf 85' lang='lat' dir='ltr'><strong>Rober·</strong></span> 
     </span>
     <span class='ocr_line' id='line_1_4' title="bbox 112 767 1233 858; baseline -0.004 -24"><span class='ocrx_word' id='word_1_20' title='bbox 112 785 166 834; x_wconf 89' lang='lat' dir='ltr'><strong>tus</strong></span> <span class='ocrx_word' id='word_1_21' title='bbox 182 772 223 836; x_wconf 91' lang='lat' dir='ltr'><strong>de</strong></span> <span class='ocrx_word' id='word_1_22' title='bbox 239 771 495 858; x_wconf 86' lang='lat' dir='ltr'><strong>Leewerghem,</strong></span> <span class='ocrx_word' id='word_1_23' title='bbox 522 768 706 833; x_wconf 85' lang='lat' dir='ltr'><strong>Balduinus</strong></span> <span class='ocrx_word' id='word_1_24' title='bbox 727 770 768 831; x_wconf 90' lang='lat' dir='ltr'><strong>de</strong></span> <span class='ocrx_word' id='word_1_25' title='bbox 791 768 989 856; x_wconf 90' lang='lat' dir='ltr'><strong>Popperode</strong></span> <span class='ocrx_word' id='word_1_26' title='bbox 1010 768 1051 831; x_wconf 91' lang='lat' dir='ltr'><strong>de</strong></span> <span class='ocrx_word' id='word_1_27' title='bbox 1076 767 1233 832; x_wconf 88' lang='lat' dir='ltr'><strong>comitatu</strong></span> 
     </span>
     <span class='ocr_line' id='line_1_5' title="bbox 113 870 1235 938; baseline -0.004 0"><span class='ocrx_word' id='word_1_28' title='bbox 113 872 326 938; x_wconf 90' lang='lat' dir='ltr'><strong>Flandrensi.</strong></span> <span class='ocrx_word' id='word_1_29' title='bbox 361 871 418 938; x_wconf 92' lang='lat' dir='ltr'><strong>lsti</strong></span> <span class='ocrx_word' id='word_1_30' title='bbox 454 896 527 936; x_wconf 88' lang='lat' dir='ltr'><strong>cum</strong></span> <span class='ocrx_word' id='word_1_31' title='bbox 566 871 722 936; x_wconf 85' lang='lat' dir='ltr'><strong>Gnidone</strong></span> <span class='ocrx_word' id='word_1_32' title='bbox 765 885 797 935; x_wconf 91' lang='lat' dir='ltr'><strong>et</strong></span> <span class='ocrx_word' id='word_1_33' title='bbox 831 870 1015 938; x_wconf 88' lang='lat' dir='ltr'><strong>Wilhelmo</strong></span> <span class='ocrx_word' id='word_1_34' title='bbox 1053 870 1235 934; x_wconf 88' lang='lat' dir='ltr'><strong>exercitum</strong></span> 
     </span>
     <span class='ocr_line' id='line_1_6' title="bbox 112 972 1232 1062; baseline -0.004 -22"><span class='ocrx_word' id='word_1_35' title='bbox 112 975 354 1040; x_wconf 80' lang='lat' dir='ltr'><strong>Flandrensem</strong></span> <span class='ocrx_word' id='word_1_36' title='bbox 372 973 613 1038; x_wconf 87' lang='lat' dir='ltr'><strong>ordinaverunt</strong></span> <span class='ocrx_word' id='word_1_37' title='bbox 633 985 666 1036; x_wconf 89' lang='lat' dir='ltr'><strong>et</strong></span> <span class='ocrx_word' id='word_1_38' title='bbox 676 972 917 1062; x_wconf 90' lang='lat' dir='ltr'><strong>disposuerunt</strong></span> <span class='ocrx_word' id='word_1_39' title='bbox 940 986 973 1037; x_wconf 89' lang='lat' dir='ltr'><strong>et</strong></span> <span class='ocrx_word' id='word_1_40' title='bbox 993 973 1232 1037; x_wconf 89' lang='lat' dir='ltr'><strong>animaverunt.</strong></span> 
     </span>
     <span class='ocr_line' id='line_1_7' title="bbox 115 1075 1235 1163; baseline -0.004 -21"><span class='ocrx_word' id='word_1_41' title='bbox 115 1081 155 1142; x_wconf 86' lang='lat' dir='ltr'><strong>Et</strong></span> <span class='ocrx_word' id='word_1_42' title='bbox 187 1103 274 1156; x_wconf 91' lang='lat' dir='ltr'><strong>cam,</strong></span> <span class='ocrx_word' id='word_1_43' title='bbox 306 1077 414 1141; x_wconf 88' lang='lat' dir='ltr'><strong>tribus</strong></span> <span class='ocrx_word' id='word_1_44' title='bbox 439 1076 490 1140; x_wconf 89' lang='lat' dir='ltr'><strong>vel</strong></span> <span class='ocrx_word' id='word_1_45' title='bbox 513 1090 656 1163; x_wconf 89' lang='lat' dir='ltr'><strong>quatuor</strong></span> <span class='ocrx_word' id='word_1_46' title='bbox 685 1075 817 1152; x_wconf 90' lang='lat' dir='ltr'><strong>diebus,</strong></span> <span class='ocrx_word' id='word_1_47' title='bbox 845 1075 933 1140; x_wconf 89' lang='lat' dir='ltr'><strong>inter</strong></span> <span class='ocrx_word' id='word_1_48' title='bbox 959 1075 1041 1139; x_wconf 89' lang='lat' dir='ltr'><strong>duos</strong></span> <span class='ocrx_word' id='word_1_49' title='bbox 1069 1075 1235 1140; x_wconf 80' lang='lat' dir='ltr'><strong>exercitus</strong></span> 
     </span>
     <span class='ocr_line' id='line_1_8' title="bbox 112 1177 1235 1266; baseline -0.001 -23"><span class='ocrx_word' id='word_1_50' title='bbox 112 1180 248 1266; x_wconf 89' lang='lat' dir='ltr'><strong>quidam</strong></span> <span class='ocrx_word' id='word_1_51' title='bbox 283 1178 503 1266; x_wconf 90' lang='lat' dir='ltr'><strong>particulares</strong></span> <span class='ocrx_word' id='word_1_52' title='bbox 531 1178 650 1242; x_wconf 85' lang='lat' dir='ltr'><strong>fierent</strong></span> <span class='ocrx_word' id='word_1_53' title='bbox 672 1177 817 1242; x_wconf 89' lang='lat' dir='ltr'><strong>insultus</strong></span> <span class='ocrx_word' id='word_1_54' title='bbox 843 1191 875 1242; x_wconf 90' lang='lat' dir='ltr'><strong>et</strong></span> <span class='ocrx_word' id='word_1_55' title='bbox 901 1202 1121 1266; x_wconf 84' lang='lat' dir='ltr'><strong>congressus,</strong></span> <span class='ocrx_word' id='word_1_56' title='bbox 1157 1202 1235 1242; x_wconf 89' lang='lat' dir='ltr'><strong>ecce</strong></span> 
     </span>
     <span class='ocr_line' id='line_1_9' title="bbox 112 1280 1237 1370; baseline -0.003 -24"><span class='ocrx_word' id='word_1_57' title='bbox 112 1282 256 1370; x_wconf 88' lang='lat' dir='ltr'><strong>quadam</strong></span> <span class='ocrx_word' id='word_1_58' title='bbox 285 1281 364 1345; x_wconf 82' lang='lat' dir='ltr'><strong>l&#39;eria</strong></span> <span class='ocrx_word' id='word_1_59' title='bbox 394 1294 530 1369; x_wconf 86' lang='lat' dir='ltr'><strong>quarta,</strong></span> <span class='ocrx_word' id='word_1_60' title='bbox 558 1304 677 1366; x_wconf 86' lang='lat' dir='ltr'>nempe</span> <span class='ocrx_word' id='word_1_61' title='bbox 711 1283 764 1347; x_wconf 88' lang='lat' dir='ltr'><strong>.V.</strong></span> <span class='ocrx_word' id='word_1_62' title='bbox 801 1281 877 1344; x_wconf 90' lang='lat' dir='ltr'><strong>idus</strong></span> <span class='ocrx_word' id='word_1_63' title='bbox 909 1281 1021 1354; x_wconf 59' lang='grc' dir='ltr'><strong>ΙιιΙίἰῖ,</strong></span> <span class='ocrx_word' id='word_1_64' title='bbox 1058 1280 1169 1345; x_wconf 90' lang='lat' dir='ltr'><strong>Guido</strong></span> <span class='ocrx_word' id='word_1_65' title='bbox 1202 1292 1237 1343; x_wconf 91' lang='lat' dir='ltr'><strong>et</strong></span> 
     </span>
     <span class='ocr_line' id='line_1_10' title="bbox 112 1383 1235 1474; baseline -0.004 -24"><span class='ocrx_word' id='word_1_66' title='bbox 112 1385 315 1450; x_wconf 80' lang='lat' dir='ltr'><strong>Wilhelmus</strong></span> <span class='ocrx_word' id='word_1_67' title='bbox 351 1407 412 1471; x_wconf 90' lang='lat' dir='ltr'><strong>per</strong></span> <span class='ocrx_word' id='word_1_68' title='bbox 447 1383 675 1471; x_wconf 81' lang='lat' dir='ltr'>exploratores</span> <span class='ocrx_word' id='word_1_69' title='bbox 712 1397 975 1474; x_wconf 83' lang='lat' dir='ltr'><strong>cognoscentes,</strong></span> <span class='ocrx_word' id='word_1_70' title='bbox 1000 1383 1090 1471; x_wconf 90' lang='lat' dir='ltr'><strong>quod</strong></span> <span class='ocrx_word' id='word_1_71' title='bbox 1120 1407 1235 1447; x_wconf 90' lang='lat' dir='ltr'><strong>omnes</strong></span> 
     </span>
     <span class='ocr_line' id='line_1_11' title="bbox 113 1485 1236 1572; baseline 0 -22"><span class='ocrx_word' id='word_1_72' title='bbox 113 1487 234 1550; x_wconf 91' lang='lat' dir='ltr'><strong>Franci</strong></span> <span class='ocrx_word' id='word_1_73' title='bbox 255 1487 295 1550; x_wconf 93' lang='lat' dir='ltr'><strong>ad</strong></span> <span class='ocrx_word' id='word_1_74' title='bbox 314 1486 437 1549; x_wconf 89' lang='lat' dir='ltr'><strong>bellum</strong></span> <span class='ocrx_word' id='word_1_75' title='bbox 452 1509 486 1549; x_wconf 93' lang='lat' dir='ltr'><strong>se</strong></span> <span class='ocrx_word' id='word_1_76' title='bbox 505 1487 651 1549; x_wconf 90' lang='lat' dir='ltr'><strong>inmane</strong></span> <span class='ocrx_word' id='word_1_77' title='bbox 670 1498 908 1572; x_wconf 77' lang='lat' dir='ltr'><strong>prepararent,</strong></span> <span class='ocrx_word' id='word_1_78' title='bbox 929 1498 961 1550; x_wconf 90' lang='lat' dir='ltr'><strong>et</strong></span> <span class='ocrx_word' id='word_1_79' title='bbox 982 1485 1046 1572; x_wconf 95' lang='lat' dir='ltr'><strong>ipsi</strong></span> <span class='ocrx_word' id='word_1_80' title='bbox 1068 1486 1131 1550; x_wconf 89' lang='lat' dir='ltr'><strong>boe</strong></span> <span class='ocrx_word' id='word_1_81' title='bbox 1146 1485 1236 1550; x_wconf 91' lang='lat' dir='ltr'><strong>idem</strong></span> 
     </span>
     <span class='ocr_line' id='line_1_12' title="bbox 114 1585 1234 1677; baseline 0.002 -27"><span class='ocrx_word' id='word_1_82' title='bbox 114 1589 277 1666; x_wconf 82' lang='lat' dir='ltr'><strong>lecerunt,</strong></span> <span class='ocrx_word' id='word_1_83' title='bbox 294 1601 457 1677; x_wconf 90' lang='lat' dir='ltr'><strong>ponentes</strong></span> <span class='ocrx_word' id='word_1_84' title='bbox 475 1590 643 1675; x_wconf 89' lang='lat' dir='ltr'><strong>Yprenses</strong></span> <span class='ocrx_word' id='word_1_85' title='bbox 662 1586 703 1649; x_wconf 92' lang='lat' dir='ltr'><strong>ad</strong></span> <span class='ocrx_word' id='word_1_86' title='bbox 723 1587 947 1651; x_wconf 90' lang='lat' dir='ltr'><strong>resistendum</strong></span> <span class='ocrx_word' id='word_1_87' title='bbox 972 1585 1037 1650; x_wconf 91' lang='lat' dir='ltr'><strong>illis</strong></span> <span class='ocrx_word' id='word_1_88' title='bbox 1056 1588 1097 1651; x_wconf 92' lang='lat' dir='ltr'><strong>de</strong></span> <span class='ocrx_word' id='word_1_89' title='bbox 1112 1602 1234 1664; x_wconf 89' lang='lat' dir='ltr'><strong>castro,</strong></span> 
     </span>
    </p>
   </div>
   <div class='ocr_carea' id='block_1_3' title="bbox 113 1688 1387 1780">
    <p class='ocr_par' dir='ltr' id='par_1_3' title="bbox 113 1688 1387 1780">
     <span class='ocr_line' id='line_1_13' title="bbox 113 1688 1387 1780; baseline 0.001 -27"><span class='ocrx_word' id='word_1_90' title='bbox 113 1691 141 1754; x_wconf 92' lang='lat' dir='ltr'><strong>si</strong></span> <span class='ocrx_word' id='word_1_91' title='bbox 168 1691 261 1755; x_wconf 85' lang='lat' dir='ltr'><strong>exire</strong></span> <span class='ocrx_word' id='word_1_92' title='bbox 283 1690 406 1754; x_wconf 91' lang='lat' dir='ltr'><strong>vellent</strong></span> <span class='ocrx_word' id='word_1_93' title='bbox 427 1703 580 1777; x_wconf 91' lang='lat' dir='ltr'><strong>tempore</strong></span> <span class='ocrx_word' id='word_1_94' title='bbox 611 1689 709 1764; x_wconf 88' lang='lat' dir='ltr'><strong>belli,</strong></span> <span class='ocrx_word' id='word_1_95' title='bbox 735 1701 768 1752; x_wconf 89' lang='lat' dir='ltr'><strong>et</strong></span> <span class='ocrx_word' id='word_1_96' title='bbox 792 1688 895 1752; x_wconf 84' lang='lat' dir='ltr'>aciem</span> <span class='ocrx_word' id='word_1_97' title='bbox 920 1688 1054 1780; x_wconf 86' lang='lat' dir='ltr'><strong>longam</strong></span> <span class='ocrx_word' id='word_1_98' title='bbox 1081 1690 1176 1754; x_wconf 89' lang='lat' dir='ltr'><strong>valde</strong></span> <span class='ocrx_word' id='word_1_99' title='bbox 1205 1703 1237 1754; x_wconf 92' lang='lat' dir='ltr'><strong>et</strong></span> <span class='ocrx_word' id='word_1_100' title='bbox 1298 1731 1300 1736; x_wconf 86' lang='lat'><em>·</em></span> <span class='ocrx_word' id='word_1_101' title='bbox 1382 1729 1387 1744; x_wconf 78' lang='lat'>=</span> 
     </span>
    </p>
   </div>
   <div class='ocr_carea' id='block_1_4' title="bbox 111 1791 1247 3925">
    <p class='ocr_par' dir='ltr' id='par_1_4' title="bbox 111 1791 1247 3925">
     <span class='ocr_line' id='line_1_14' title="bbox 113 1791 1237 1881; baseline 0.001 -25"><span class='ocrx_word' id='word_1_102' title='bbox 113 1794 254 1880; x_wconf 81' lang='lat' dir='ltr'>spissam</span> <span class='ocrx_word' id='word_1_103' title='bbox 268 1793 354 1857; x_wconf 90' lang='lat' dir='ltr'><strong>circa</strong></span> <span class='ocrx_word' id='word_1_104' title='bbox 371 1794 485 1856; x_wconf 88' lang='lat' dir='ltr'><strong>horam</strong></span> <span class='ocrx_word' id='word_1_105' title='bbox 503 1792 634 1855; x_wconf 84' lang='lat' dir='ltr'><strong>tertiam</strong></span> <span class='ocrx_word' id='word_1_106' title='bbox 651 1791 832 1855; x_wconf 85' lang='lat' dir='ltr'><strong>educentes</strong></span> <span class='ocrx_word' id='word_1_107' title='bbox 851 1804 884 1854; x_wconf 89' lang='lat' dir='ltr'><strong>et</strong></span> <span class='ocrx_word' id='word_1_108' title='bbox 902 1791 1055 1855; x_wconf 91' lang='lat' dir='ltr'><strong>inimicos</strong></span> <span class='ocrx_word' id='word_1_109' title='bbox 1068 1792 1101 1855; x_wconf 92' lang='lat' dir='ltr'><strong>in</strong></span> <span class='ocrx_word' id='word_1_110' title='bbox 1120 1817 1237 1881; x_wconf 91' lang='lat' dir='ltr'><strong>campo</strong></span> 
     </span>
     <span class='ocr_line' id='line_1_15' title="bbox 112 1893 1237 1984; baseline 0.003 -26"><span class='ocrx_word' id='word_1_111' title='bbox 112 1896 351 1983; x_wconf 80' lang='lat' dir='ltr'><strong>prestolantes</strong></span> <span class='ocrx_word' id='word_1_112' title='bbox 374 1896 469 1960; x_wconf 89' lang='lat' dir='ltr'><strong>Circa</strong></span> <span class='ocrx_word' id='word_1_113' title='bbox 492 1896 606 1957; x_wconf 91' lang='lat' dir='ltr'><strong>horam</strong></span> <span class='ocrx_word' id='word_1_114' title='bbox 628 1907 767 1971; x_wconf 85' lang='lat' dir='ltr'><strong>sextam,</strong></span> <span class='ocrx_word' id='word_1_115' title='bbox 793 1893 913 1958; x_wconf 89' lang='lat' dir='ltr'><strong>Franci</strong></span> <span class='ocrx_word' id='word_1_116' title='bbox 933 1893 1050 1959; x_wconf 88' lang='lat' dir='ltr'><strong>armati</strong></span> <span class='ocrx_word' id='word_1_117' title='bbox 1070 1894 1103 1958; x_wconf 90' lang='lat' dir='ltr'><strong>in</strong></span> <span class='ocrx_word' id='word_1_118' title='bbox 1120 1918 1237 1984; x_wconf 89' lang='lat' dir='ltr'><strong>campo</strong></span> 
     </span>
     <span class='ocr_line' id='line_1_16' title="bbox 111 1996 1235 2086; baseline 0.001 -26"><span class='ocrx_word' id='word_1_119' title='bbox 111 2010 391 2086; x_wconf 90' lang='lat' dir='ltr'><strong>comparuerunt,</strong></span> <span class='ocrx_word' id='word_1_120' title='bbox 420 1997 476 2084; x_wconf 89' lang='lat' dir='ltr'><strong>qui</strong></span> <span class='ocrx_word' id='word_1_121' title='bbox 506 2009 611 2061; x_wconf 88' lang='lat' dir='ltr'><strong>totum</strong></span> <span class='ocrx_word' id='word_1_122' title='bbox 645 1996 825 2060; x_wconf 84' lang='lat' dir='ltr'><strong>exercitum</strong></span> <span class='ocrx_word' id='word_1_123' title='bbox 859 2020 953 2060; x_wconf 91' lang='lat' dir='ltr'><strong>suum</strong></span> <span class='ocrx_word' id='word_1_124' title='bbox 987 2010 1051 2060; x_wconf 90' lang='lat' dir='ltr'><strong>tam</strong></span> <span class='ocrx_word' id='word_1_125' title='bbox 1085 1997 1235 2085; x_wconf 91' lang='lat' dir='ltr'><strong>equitum</strong></span> 
     </span>
     <span class='ocr_line' id='line_1_17' title="bbox 112 2097 1236 2188; baseline 0.001 -25"><span class='ocrx_word' id='word_1_126' title='bbox 112 2123 211 2188; x_wconf 90' lang='lat' dir='ltr'><strong>quam</strong></span> <span class='ocrx_word' id='word_1_127' title='bbox 230 2099 381 2188; x_wconf 86' lang='lat' dir='ltr'><strong>peditum</strong></span> <span class='ocrx_word' id='word_1_128' title='bbox 402 2099 437 2162; x_wconf 91' lang='lat' dir='ltr'><strong>in</strong></span> <span class='ocrx_word' id='word_1_129' title='bbox 458 2123 575 2162; x_wconf 90' lang='lat' dir='ltr'><strong>novem</strong></span> <span class='ocrx_word' id='word_1_130' title='bbox 592 2099 681 2162; x_wconf 90' lang='lat' dir='ltr'><strong>acies</strong></span> <span class='ocrx_word' id='word_1_131' title='bbox 701 2097 902 2177; x_wconf 80' lang='lat' dir='ltr'><strong>diviserant3</strong></span> <span class='ocrx_word' id='word_1_132' title='bbox 920 2099 976 2163; x_wconf 85' lang='lat' dir='ltr'><strong>sed</strong></span> <span class='ocrx_word' id='word_1_133' title='bbox 998 2099 1150 2163; x_wconf 83' lang='lat' dir='ltr'><strong>videntes</strong></span> <span class='ocrx_word' id='word_1_134' title='bbox 1167 2100 1236 2164; x_wconf 84' lang='lat' dir='ltr'><strong>Fla-</strong></span> 
     </span>
     <span class='ocr_line' id='line_1_18' title="bbox 112 2200 1237 2292; baseline 0.001 -27"><span class='ocrx_word' id='word_1_135' title='bbox 112 2203 245 2292; x_wconf 87' lang='lat' dir='ltr'><strong>mingos</strong></span> <span class='ocrx_word' id='word_1_136' title='bbox 267 2201 301 2266; x_wconf 88' lang='lat' dir='ltr'><strong>in</strong></span> <span class='ocrx_word' id='word_1_137' title='bbox 329 2225 392 2266; x_wconf 93' lang='lat' dir='ltr'><strong>una</strong></span> <span class='ocrx_word' id='word_1_138' title='bbox 416 2201 484 2265; x_wconf 89' lang='lat' dir='ltr'><strong>acie</strong></span> <span class='ocrx_word' id='word_1_139' title='bbox 509 2200 705 2290; x_wconf 83' lang='lat' dir='ltr'><strong>longissima</strong></span> <span class='ocrx_word' id='word_1_140' title='bbox 742 2213 775 2264; x_wconf 90' lang='lat' dir='ltr'><strong>et</strong></span> <span class='ocrx_word' id='word_1_141' title='bbox 805 2201 911 2289; x_wconf 88' lang='lat' dir='ltr'><strong>spissa</strong></span> <span class='ocrx_word' id='word_1_142' title='bbox 937 2215 1043 2279; x_wconf 90' lang='lat' dir='ltr'><strong>stare,</strong></span> <span class='ocrx_word' id='word_1_143' title='bbox 1080 2203 1237 2266; x_wconf 84' lang='lat' dir='ltr'><strong>audacter</strong></span> 
     </span>
     <span class='ocr_line' id='line_1_19' title="bbox 112 2301 1236 2393; baseline 0 -25"><span class='ocrx_word' id='word_1_144' title='bbox 112 2317 248 2393; x_wconf 90' lang='lat' dir='ltr'><strong>paratos</strong></span> <span class='ocrx_word' id='word_1_145' title='bbox 265 2305 304 2368; x_wconf 91' lang='lat' dir='ltr'><strong>ad</strong></span> <span class='ocrx_word' id='word_1_146' title='bbox 324 2304 467 2382; x_wconf 87' lang='lat' dir='ltr'><strong>bellum,</strong></span> <span class='ocrx_word' id='word_1_147' title='bbox 489 2304 530 2368; x_wconf 91' lang='lat' dir='ltr'><strong>de</strong></span> <span class='ocrx_word' id='word_1_148' title='bbox 551 2328 668 2366; x_wconf 88' lang='lat' dir='ltr'><strong>novem</strong></span> <span class='ocrx_word' id='word_1_149' title='bbox 694 2301 828 2366; x_wconf 85' lang='lat' dir='ltr'><strong>aciebus</strong></span> <span class='ocrx_word' id='word_1_150' title='bbox 855 2302 923 2367; x_wconf 90' lang='lat' dir='ltr'><strong>suis</strong></span> <span class='ocrx_word' id='word_1_151' title='bbox 945 2316 1013 2368; x_wconf 92' lang='lat' dir='ltr'><strong>tres</strong></span> <span class='ocrx_word' id='word_1_152' title='bbox 1041 2303 1128 2368; x_wconf 90' lang='lat' dir='ltr'><strong>acies</strong></span> <span class='ocrx_word' id='word_1_153' title='bbox 1154 2305 1236 2368; x_wconf 87' lang='lat' dir='ltr'><strong>sece-</strong></span> 
     </span>
     <span class='ocr_line' id='line_1_20' title="bbox 113 2406 1236 2495; baseline 0.001 -24"><span class='ocrx_word' id='word_1_154' title='bbox 113 2421 205 2485; x_wconf 91' lang='lat' dir='ltr'><strong>runt,</strong></span> <span class='ocrx_word' id='word_1_155' title='bbox 223 2431 321 2472; x_wconf 91' lang='lat' dir='ltr'><strong>unam</strong></span> <span class='ocrx_word' id='word_1_156' title='bbox 338 2421 503 2495; x_wconf 89' lang='lat' dir='ltr'><strong>ponentes</strong></span> <span class='ocrx_word' id='word_1_157' title='bbox 521 2432 582 2495; x_wconf 92' lang='lat' dir='ltr'><strong>pro</strong></span> <span class='ocrx_word' id='word_1_158' title='bbox 599 2406 749 2470; x_wconf 90' lang='lat' dir='ltr'><strong>custodia</strong></span> <span class='ocrx_word' id='word_1_159' title='bbox 769 2420 857 2470; x_wconf 90' lang='lat' dir='ltr'><strong>retro</strong></span> <span class='ocrx_word' id='word_1_160' title='bbox 874 2421 997 2471; x_wconf 90' lang='lat' dir='ltr'><strong>etcum</strong></span> <span class='ocrx_word' id='word_1_161' title='bbox 1016 2408 1144 2472; x_wconf 90' lang='lat' dir='ltr'><strong>duabus</strong></span> <span class='ocrx_word' id='word_1_162' title='bbox 1163 2407 1236 2472; x_wconf 91' lang='lat' dir='ltr'><strong>aliis</strong></span> 
     </span>
     <span class='ocr_line' id='line_1_21' title="bbox 113 2509 1247 2599; baseline -0.002 -25"><span class='ocrx_word' id='word_1_163' title='bbox 113 2509 342 2599; x_wconf 86' lang='lat' dir='ltr'><strong>congressuri.</strong></span> <span class='ocrx_word' id='word_1_164' title='bbox 373 2511 491 2573; x_wconf 91' lang='lat' dir='ltr'><strong>Parum</strong></span> <span class='ocrx_word' id='word_1_165' title='bbox 518 2521 594 2572; x_wconf 88' lang='lat' dir='ltr'><strong>ante</strong></span> <span class='ocrx_word' id='word_1_166' title='bbox 620 2531 741 2571; x_wconf 90' lang='lat' dir='ltr'><strong>nonam</strong></span> <span class='ocrx_word' id='word_1_167' title='bbox 766 2509 979 2573; x_wconf 91' lang='lat' dir='ltr'><strong>commissum</strong></span> <span class='ocrx_word' id='word_1_168' title='bbox 1015 2522 1066 2572; x_wconf 91' lang='lat' dir='ltr'><strong>est</strong></span> <span class='ocrx_word' id='word_1_169' title='bbox 1095 2509 1247 2598; x_wconf 86' lang='lat' dir='ltr'><strong>prelium</strong></span> 
     </span>
     <span class='ocr_line' id='line_1_22' title="bbox 112 2611 1237 2700; baseline 0.001 -24"><span class='ocrx_word' id='word_1_170' title='bbox 112 2637 190 2676; x_wconf 91' lang='lat' dir='ltr'><strong>cum</strong></span> <span class='ocrx_word' id='word_1_171' title='bbox 206 2611 360 2676; x_wconf 89' lang='lat' dir='ltr'><strong>horribili</strong></span> <span class='ocrx_word' id='word_1_172' title='bbox 382 2612 511 2700; x_wconf 81' lang='lat' dir='ltr'><strong>fragore</strong></span> <span class='ocrx_word' id='word_1_173' title='bbox 531 2624 563 2674; x_wconf 88' lang='lat' dir='ltr'><strong>et</strong></span> <span class='ocrx_word' id='word_1_174' title='bbox 578 2611 722 2674; x_wconf 87' lang='lat' dir='ltr'><strong>tumultu</strong></span> <span class='ocrx_word' id='word_1_175' title='bbox 740 2611 862 2675; x_wconf 89' lang='lat' dir='ltr'><strong>bellico</strong></span> <span class='ocrx_word' id='word_1_176' title='bbox 882 2624 915 2675; x_wconf 89' lang='lat' dir='ltr'><strong>et</strong></span> <span class='ocrx_word' id='word_1_177' title='bbox 935 2611 1099 2677; x_wconf 91' lang='lat' dir='ltr'><strong>mortibus</strong></span> <span class='ocrx_word' id='word_1_178' title='bbox 1115 2611 1237 2677; x_wconf 90' lang='lat' dir='ltr'><strong>multo-</strong></span> 
     </span>
     <span class='ocr_line' id='line_1_23' title="bbox 114 2712 1235 2804; baseline 0.001 -26"><span class='ocrx_word' id='word_1_179' title='bbox 114 2740 209 2792; x_wconf 88' lang='lat' dir='ltr'><strong>rum;</strong></span> <span class='ocrx_word' id='word_1_180' title='bbox 241 2714 476 2801; x_wconf 87' lang='lat' dir='ltr'><strong>hostiliterque</strong></span> <span class='ocrx_word' id='word_1_181' title='bbox 507 2726 540 2776; x_wconf 89' lang='lat' dir='ltr'><strong>et</strong></span> <span class='ocrx_word' id='word_1_182' title='bbox 574 2712 755 2777; x_wconf 87' lang='lat' dir='ltr'><strong>crudeliter</strong></span> <span class='ocrx_word' id='word_1_183' title='bbox 787 2712 911 2777; x_wconf 88' lang='lat' dir='ltr'><strong>ibidem</strong></span> <span class='ocrx_word' id='word_1_184' title='bbox 947 2728 1130 2804; x_wconf 85' lang='lat' dir='ltr'><strong>pugnatum</strong></span> <span class='ocrx_word' id='word_1_185' title='bbox 1164 2729 1235 2794; x_wconf 91' lang='lat' dir='ltr'><strong>est,</strong></span> 
     </span>
     <span class='ocr_line' id='line_1_24' title="bbox 112 2815 1237 2904; baseline 0 -24"><span class='ocrx_word' id='word_1_186' title='bbox 112 2830 224 2880; x_wconf 86' lang='lat' dir='ltr'><strong>tamen</strong></span> <span class='ocrx_word' id='word_1_187' title='bbox 248 2840 313 2879; x_wconf 90' lang='lat' dir='ltr'><strong>uon</strong></span> <span class='ocrx_word' id='word_1_188' title='bbox 329 2828 481 2902; x_wconf 88' lang='lat' dir='ltr'><strong>tempore</strong></span> <span class='ocrx_word' id='word_1_189' title='bbox 498 2815 617 2904; x_wconf 86' lang='lat' dir='ltr'><strong>longo,</strong></span> <span class='ocrx_word' id='word_1_190' title='bbox 643 2815 720 2900; x_wconf 91' lang='lat' dir='ltr'><strong>quia</strong></span> <span class='ocrx_word' id='word_1_191' title='bbox 738 2817 827 2878; x_wconf 89' lang='lat' dir='ltr'><strong>Deus</strong></span> <span class='ocrx_word' id='word_1_192' title='bbox 849 2815 1005 2878; x_wconf 87' lang='lat' dir='ltr'><strong>misertus</strong></span> <span class='ocrx_word' id='word_1_193' title='bbox 1021 2830 1072 2879; x_wconf 90' lang='lat' dir='ltr'><strong>est</strong></span> <span class='ocrx_word' id='word_1_194' title='bbox 1091 2816 1237 2880; x_wconf 83' lang='lat' dir='ltr'><strong>Flamin—</strong></span> 
     </span>
     <span class='ocr_line' id='line_1_25' title="bbox 112 2916 1235 3008; baseline 0 -25"><span class='ocrx_word' id='word_1_195' title='bbox 112 2943 246 3008; x_wconf 86' lang='lat' dir='ltr'><strong>gorum,</strong></span> <span class='ocrx_word' id='word_1_196' title='bbox 263 2919 378 3006; x_wconf 90' lang='lat' dir='ltr'><strong>eisque</strong></span> <span class='ocrx_word' id='word_1_197' title='bbox 393 2920 425 2982; x_wconf 93' lang='lat' dir='ltr'><strong>in</strong></span> <span class='ocrx_word' id='word_1_198' title='bbox 446 2916 539 2980; x_wconf 90' lang='lat' dir='ltr'><strong>brevi</strong></span> <span class='ocrx_word' id='word_1_199' title='bbox 555 2917 726 2980; x_wconf 87' lang='lat' dir='ltr'><strong>victoriam</strong></span> <span class='ocrx_word' id='word_1_200' title='bbox 744 2917 897 2992; x_wconf 91' lang='lat' dir='ltr'><strong>contulit,</strong></span> <span class='ocrx_word' id='word_1_201' title='bbox 916 2917 1142 3004; x_wconf 87' lang='lat' dir='ltr'><strong>Francosque,</strong></span> <span class='ocrx_word' id='word_1_202' title='bbox 1166 2919 1235 3005; x_wconf 92' lang='lat' dir='ltr'><strong>qui,</strong></span> 
     </span>
     <span class='ocr_line' id='line_1_26' title="bbox 114 3019 1236 3107; baseline 0.001 -23"><span class='ocrx_word' id='word_1_203' title='bbox 114 3022 203 3086; x_wconf 90' lang='lat' dir='ltr'><strong>sicut</strong></span> <span class='ocrx_word' id='word_1_204' title='bbox 217 3021 305 3086; x_wconf 87' lang='lat' dir='ltr'><strong>clare</strong></span> <span class='ocrx_word' id='word_1_205' title='bbox 322 3034 434 3107; x_wconf 89' lang='lat' dir='ltr'><strong>postea</strong></span> <span class='ocrx_word' id='word_1_206' title='bbox 451 3033 657 3106; x_wconf 90' lang='lat' dir='ltr'><strong>compertum</strong></span> <span class='ocrx_word' id='word_1_207' title='bbox 675 3032 737 3095; x_wconf 88' lang='lat' dir='ltr'><strong>est,</strong></span> <span class='ocrx_word' id='word_1_208' title='bbox 756 3020 783 3082; x_wconf 92' lang='lat' dir='ltr'><strong>si</strong></span> <span class='ocrx_word' id='word_1_209' title='bbox 800 3019 971 3096; x_wconf 85' lang='lat' dir='ltr'><strong>vixissent,</strong></span> <span class='ocrx_word' id='word_1_210' title='bbox 990 3020 1137 3085; x_wconf 88' lang='lat' dir='ltr'><strong>crudelia</strong></span> <span class='ocrx_word' id='word_1_211' title='bbox 1155 3022 1236 3086; x_wconf 82' lang='lat' dir='ltr'><strong>lacta</strong></span> 
     </span>
     <span class='ocr_line' id='line_1_27' title="bbox 115 3121 1236 3210; baseline 0.001 -24"><span class='ocrx_word' id='word_1_212' title='bbox 115 3125 149 3187; x_wconf 91' lang='lat' dir='ltr'><strong>in</strong></span> <span class='ocrx_word' id='word_1_213' title='bbox 178 3121 335 3188; x_wconf 87' lang='lat' dir='ltr'><strong>Flandria</strong></span> <span class='ocrx_word' id='word_1_214' title='bbox 356 3145 511 3186; x_wconf 88' lang='lat' dir='ltr'><strong>exercere</strong></span> <span class='ocrx_word' id='word_1_215' title='bbox 539 3134 797 3210; x_wconf 88' lang='lat' dir='ltr'><strong>proposuerant,</strong></span> <span class='ocrx_word' id='word_1_216' title='bbox 826 3121 990 3186; x_wconf 80' lang='lat' dir='ltr'><strong>confudit.</strong></span> <span class='ocrx_word' id='word_1_217' title='bbox 1020 3124 1102 3188; x_wconf 89' lang='lat' dir='ltr'><strong>Cum</strong></span> <span class='ocrx_word' id='word_1_218' title='bbox 1128 3137 1236 3187; x_wconf 89' lang='lat' dir='ltr'><strong>autem</strong></span> 
     </span>
     <span class='ocr_line' id='line_1_28' title="bbox 116 3224 1235 3314; baseline -0.001 -25"><span class='ocrx_word' id='word_1_219' title='bbox 116 3226 260 3314; x_wconf 87' lang='lat' dir='ltr'><strong>prelium</strong></span> <span class='ocrx_word' id='word_1_220' title='bbox 281 3224 434 3302; x_wconf 87' lang='lat' dir='ltr'><strong>iniretur,</strong></span> <span class='ocrx_word' id='word_1_221' title='bbox 461 3224 527 3302; x_wconf 90' lang='lat' dir='ltr'><strong>illi,</strong></span> <span class='ocrx_word' id='word_1_222' title='bbox 553 3225 609 3311; x_wconf 90' lang='lat' dir='ltr'><strong>qui</strong></span> <span class='ocrx_word' id='word_1_223' title='bbox 638 3224 672 3288; x_wconf 90' lang='lat' dir='ltr'><strong>in</strong></span> <span class='ocrx_word' id='word_1_224' title='bbox 701 3237 811 3288; x_wconf 88' lang='lat' dir='ltr'><strong>castro</strong></span> <span class='ocrx_word' id='word_1_225' title='bbox 831 3237 942 3299; x_wconf 90' lang='lat' dir='ltr'><strong>eraut,</strong></span> <span class='ocrx_word' id='word_1_226' title='bbox 968 3225 1019 3288; x_wconf 90' lang='lat' dir='ltr'><strong>sui</strong></span> <span class='ocrx_word' id='word_1_227' title='bbox 1040 3250 1106 3288; x_wconf 91' lang='lat' dir='ltr'><strong>non</strong></span> <span class='ocrx_word' id='word_1_228' title='bbox 1125 3225 1235 3303; x_wconf 87' lang='lat' dir='ltr'><strong>obliti,</strong></span> 
     </span>
     <span class='ocr_line' id='line_1_29' title="bbox 116 3325 1237 3418; baseline 0.001 -27"><span class='ocrx_word' id='word_1_229' title='bbox 116 3329 230 3418; x_wconf 80' lang='lat' dir='ltr'><strong>ignem</strong></span> <span class='ocrx_word' id='word_1_230' title='bbox 255 3327 296 3392; x_wconf 88' lang='lat' dir='ltr'><strong>de</strong></span> <span class='ocrx_word' id='word_1_231' title='bbox 321 3341 442 3398; x_wconf 83' lang='lat' dir='ltr'><strong>castro,</strong></span> <span class='ocrx_word' id='word_1_232' title='bbox 463 3325 549 3390; x_wconf 90' lang='lat' dir='ltr'><strong>sicut</strong></span> <span class='ocrx_word' id='word_1_233' title='bbox 570 3327 662 3413; x_wconf 92' lang='lat' dir='ltr'><strong>prius</strong></span> <span class='ocrx_word' id='word_1_234' title='bbox 678 3350 757 3413; x_wconf 89' lang='lat' dir='ltr'><strong>sepe</strong></span> <span class='ocrx_word' id='word_1_235' title='bbox 774 3325 921 3390; x_wconf 80' lang='lat' dir='ltr'><strong>fecerant</strong></span> <span class='ocrx_word' id='word_1_236' title='bbox 935 3338 967 3390; x_wconf 89' lang='lat' dir='ltr'><strong>et</strong></span> <span class='ocrx_word' id='word_1_237' title='bbox 984 3328 1102 3392; x_wconf 88' lang='lat' dir='ltr'><strong>multas</strong></span> <span class='ocrx_word' id='word_1_238' title='bbox 1120 3329 1237 3392; x_wconf 90' lang='lat' dir='ltr'><strong>domos</strong></span> 
     </span>
     <span class='ocr_line' id='line_1_30' title="bbox 115 3428 1235 3515; baseline -0.001 -20"><span class='ocrx_word' id='word_1_239' title='bbox 115 3431 148 3495; x_wconf 90' lang='lat' dir='ltr'><strong>iu</strong></span> <span class='ocrx_word' id='word_1_240' title='bbox 178 3432 339 3500; x_wconf 85' lang='lat' dir='ltr'><strong>Curtraco</strong></span> <span class='ocrx_word' id='word_1_241' title='bbox 367 3428 597 3507; x_wconf 88' lang='lat' dir='ltr'><strong>incenderant,</strong></span> <span class='ocrx_word' id='word_1_242' title='bbox 630 3432 813 3515; x_wconf 87' lang='lat' dir='ltr'><strong>ejecerunt,</strong></span> <span class='ocrx_word' id='word_1_243' title='bbox 841 3441 873 3492; x_wconf 91' lang='lat' dir='ltr'><strong>et</strong></span> <span class='ocrx_word' id='word_1_244' title='bbox 898 3430 1072 3515; x_wconf 89' lang='lat' dir='ltr'><strong>quamdam</strong></span> <span class='ocrx_word' id='word_1_245' title='bbox 1102 3431 1235 3495; x_wconf 92' lang='lat' dir='ltr'><strong>domum</strong></span> 
     </span>
     <span class='ocr_line' id='line_1_31' title="bbox 117 3531 1236 3620; baseline -0.002 -22"><span class='ocrx_word' id='word_1_246' title='bbox 117 3533 280 3620; x_wconf 90' lang='lat' dir='ltr'><strong>pulcram,</strong></span> <span class='ocrx_word' id='word_1_247' title='bbox 298 3546 332 3596; x_wconf 91' lang='lat' dir='ltr'><strong>ut</strong></span> <span class='ocrx_word' id='word_1_248' title='bbox 351 3531 575 3596; x_wconf 88' lang='lat' dir='ltr'><strong>Flaudrenses</strong></span> <span class='ocrx_word' id='word_1_249' title='bbox 593 3543 771 3607; x_wconf 88' lang='lat' dir='ltr'><strong>terrerent,</strong></span> <span class='ocrx_word' id='word_1_250' title='bbox 792 3544 1033 3594; x_wconf 86' lang='lat' dir='ltr'><strong>cremaverunt.</strong></span> <span class='ocrx_word' id='word_1_251' title='bbox 1053 3531 1122 3619; x_wconf 89' lang='lat' dir='ltr'><strong>lpsi</strong></span> <span class='ocrx_word' id='word_1_252' title='bbox 1137 3533 1236 3596; x_wconf 86' lang='lat' dir='ltr'><strong>etiarn</strong></span> 
     </span>
     <span class='ocr_line' id='line_1_32' title="bbox 116 3632 1237 3724; baseline 0.002 -26"><span class='ocrx_word' id='word_1_253' title='bbox 116 3649 149 3699; x_wconf 91' lang='lat' dir='ltr'><strong>et</strong></span> <span class='ocrx_word' id='word_1_254' title='bbox 179 3636 310 3722; x_wconf 91' lang='lat' dir='ltr'><strong>equites</strong></span> <span class='ocrx_word' id='word_1_255' title='bbox 338 3647 370 3698; x_wconf 91' lang='lat' dir='ltr'><strong>et</strong></span> <span class='ocrx_word' id='word_1_256' title='bbox 399 3633 530 3721; x_wconf 87' lang='lat' dir='ltr'><strong>pedites</strong></span> <span class='ocrx_word' id='word_1_257' title='bbox 556 3633 597 3698; x_wconf 88' lang='lat' dir='ltr'><strong>de</strong></span> <span class='ocrx_word' id='word_1_258' title='bbox 629 3646 749 3709; x_wconf 85' lang='lat' dir='ltr'><strong>castro,</strong></span> <span class='ocrx_word' id='word_1_259' title='bbox 782 3644 818 3696; x_wconf 94' lang='lat' dir='ltr'><strong>ut</strong></span> <span class='ocrx_word' id='word_1_260' title='bbox 848 3632 1071 3698; x_wconf 88' lang='lat' dir='ltr'><strong>Flaudrenses</strong></span> <span class='ocrx_word' id='word_1_261' title='bbox 1096 3659 1111 3696; x_wconf 90' lang='lat' dir='ltr'><strong>a</strong></span> <span class='ocrx_word' id='word_1_262' title='bbox 1142 3648 1237 3724; x_wconf 81' lang='lat' dir='ltr'><strong>tergo</strong></span> 
     </span>
     <span class='ocr_line' id='line_1_33' title="bbox 116 3734 1238 3825; baseline 0.001 -25"><span class='ocrx_word' id='word_1_263' title='bbox 116 3736 326 3815; x_wconf 87' lang='lat' dir='ltr'><strong>invaderent,</strong></span> <span class='ocrx_word' id='word_1_264' title='bbox 355 3736 496 3825; x_wconf 85' lang='lat' dir='ltr'><strong>egressi,</strong></span> <span class='ocrx_word' id='word_1_265' title='bbox 519 3737 560 3799; x_wconf 92' lang='lat' dir='ltr'><strong>ab</strong></span> <span class='ocrx_word' id='word_1_266' title='bbox 586 3735 793 3822; x_wconf 89' lang='lat' dir='ltr'><strong>Yprensibus</strong></span> <span class='ocrx_word' id='word_1_267' title='bbox 822 3734 869 3797; x_wconf 91' lang='lat' dir='ltr'><strong>eis</strong></span> <span class='ocrx_word' id='word_1_268' title='bbox 903 3734 1043 3798; x_wconf 87' lang='lat' dir='ltr'><strong>viriliter</strong></span> <span class='ocrx_word' id='word_1_269' title='bbox 1071 3750 1103 3799; x_wconf 87' lang='lat' dir='ltr'><strong>et</strong></span> <span class='ocrx_word' id='word_1_270' title='bbox 1133 3739 1238 3825; x_wconf 91' lang='lat' dir='ltr'><strong>probe</strong></span> 
     </span>
     <span class='ocr_line' id='line_1_34' title="bbox 118 3836 1237 3925; baseline 0 -22"><span class='ocrx_word' id='word_1_271' title='bbox 118 3838 355 3904; x_wconf 88' lang='lat' dir='ltr'><strong>resistentibus</strong></span> <span class='ocrx_word' id='word_1_272' title='bbox 371 3837 405 3902; x_wconf 89' lang='lat' dir='ltr'><strong>in</strong></span> <span class='ocrx_word' id='word_1_273' title='bbox 423 3851 566 3902; x_wconf 90' lang='lat' dir='ltr'><strong>castrum</strong></span> <span class='ocrx_word' id='word_1_274' title='bbox 584 3836 704 3900; x_wconf 85' lang='lat' dir='ltr'><strong>reverti</strong></span> <span class='ocrx_word' id='word_1_275' title='bbox 725 3836 871 3925; x_wconf 91' lang='lat' dir='ltr'><strong>turpiter</strong></span> <span class='ocrx_word' id='word_1_276' title='bbox 886 3849 964 3901; x_wconf 92' lang='lat' dir='ltr'><strong>sunt</strong></span> <span class='ocrx_word' id='word_1_277' title='bbox 978 3837 1096 3901; x_wconf 90' lang='lat' dir='ltr'><strong>coacti.</strong></span> <span class='ocrx_word' id='word_1_278' title='bbox 1118 3840 1237 3903; x_wconf 90' lang='lat' dir='ltr'><strong>Comes</strong></span> 
     </span>
    </p>
   </div>
   <div class='ocr_carea' id='block_1_5' title="bbox 117 4111 1239 4364">
    <p class='ocr_par' dir='ltr' id='par_1_5' title="bbox 118 4111 1238 4237">
     <span class='ocr_line' id='line_1_35' title="bbox 148 4111 1238 4176; baseline 0.001 -15"><span class='ocrx_word' id='word_1_279' title='bbox 148 4117 170 4161; x_wconf 90' lang='lat' dir='ltr'><strong>l.</strong></span> <span class='ocrx_word' id='word_1_280' title='bbox 190 4115 288 4161; x_wconf 76' lang='lat' dir='ltr'><strong>‘landis</strong></span> <span class='ocrx_word' id='word_1_281' title='bbox 301 4130 350 4176; x_wconf 92' lang='lat' dir='ltr'><strong>que</strong></span> <span class='ocrx_word' id='word_1_282' title='bbox 365 4115 475 4174; x_wconf 84' lang='lat' dir='ltr'><strong>Tbierry</strong></span> <span class='ocrx_word' id='word_1_283' title='bbox 492 4112 523 4157; x_wconf 85' lang='lat' dir='ltr'><strong>do</strong></span> <span class='ocrx_word' id='word_1_284' title='bbox 537 4111 720 4158; x_wconf 88' lang='lat' dir='ltr'><strong>Hondschoote</strong></span> <span class='ocrx_word' id='word_1_285' title='bbox 734 4111 866 4160; x_wconf 84' lang='lat' dir='ltr'><strong>de&#39;tendeit</strong></span> <span class='ocrx_word' id='word_1_286' title='bbox 876 4114 900 4158; x_wconf 87' lang='lat' dir='ltr'><strong>la</strong></span> <span class='ocrx_word' id='word_1_287' title='bbox 913 4128 991 4160; x_wconf 86' lang='lat' dir='ltr'><strong>cause</strong></span> <span class='ocrx_word' id='word_1_288' title='bbox 1004 4113 1152 4176; x_wconf 88' lang='lat' dir='ltr'><strong>populaire,</strong></span> <span class='ocrx_word' id='word_1_289' title='bbox 1167 4115 1238 4162; x_wconf 88' lang='lat' dir='ltr'><strong>Geu-</strong></span> 
     </span>
     <span class='ocr_line' id='line_1_36' title="bbox 118 4173 971 4237; baseline -0.001 -15"><span class='ocrx_word' id='word_1_290' title='bbox 118 4177 167 4223; x_wconf 84' lang='lat' dir='ltr'><strong>tier</strong></span> <span class='ocrx_word' id='word_1_291' title='bbox 179 4178 211 4223; x_wconf 89' lang='lat' dir='ltr'><strong>de</strong></span> <span class='ocrx_word' id='word_1_292' title='bbox 226 4176 409 4223; x_wconf 86' lang='lat' dir='ltr'><strong>llondscboote</strong></span> <span class='ocrx_word' id='word_1_293' title='bbox 422 4175 487 4222; x_wconf 77' lang='lat' dir='ltr'><strong>eluit</strong></span> <span class='ocrx_word' id='word_1_294' title='bbox 498 4174 583 4237; x_wconf 81' lang='lat' dir='ltr'><strong>parmi</strong></span> <span class='ocrx_word' id='word_1_295' title='bbox 597 4175 634 4219; x_wconf 90' lang='lat' dir='ltr'><strong>les</strong></span> <span class='ocrx_word' id='word_1_296' title='bbox 648 4175 719 4221; x_wconf 86' lang='lat' dir='ltr'><strong>chels</strong></span> <span class='ocrx_word' id='word_1_297' title='bbox 730 4175 764 4220; x_wconf 91' lang='lat' dir='ltr'><strong>du</strong></span> <span class='ocrx_word' id='word_1_298' title='bbox 779 4175 848 4237; x_wconf 87' lang='lat' dir='ltr'><strong>parti</strong></span> <span class='ocrx_word' id='word_1_299' title='bbox 863 4173 971 4222; x_wconf 85' lang='lat' dir='ltr'><strong>leliaert.</strong></span> 
     </span>
    </p>

    <p class='ocr_par' dir='ltr' id='par_1_6' title="bbox 117 4237 1239 4364">
     <span class='ocr_line' id='line_1_37' title="bbox 148 4237 1239 4302; baseline 0.001 -17"><span class='ocrx_word' id='word_1_300' title='bbox 148 4241 170 4286; x_wconf 76' lang='lat'><strong>2.</strong></span> <span class='ocrx_word' id='word_1_301' title='bbox 190 4241 216 4286; x_wconf 91' lang='lat' dir='ltr'><strong>ll</strong></span> <span class='ocrx_word' id='word_1_302' title='bbox 227 4240 315 4302; x_wconf 86' lang='lat' dir='ltr'><strong>juillet</strong></span> <span class='ocrx_word' id='word_1_303' title='bbox 329 4239 396 4287; x_wconf 81' lang='lat'><strong>1302.</strong></span> <span class='ocrx_word' id='word_1_304' title='bbox 418 4238 485 4284; x_wconf 69' lang='lat' dir='ltr'><strong>aad.</strong></span> <span class='ocrx_word' id='word_1_305' title='bbox 502 4237 534 4282; x_wconf 90' lang='lat' dir='ltr'><strong>de</strong></span> <span class='ocrx_word' id='word_1_306' title='bbox 549 4237 703 4298; x_wconf 81' lang='lat' dir='ltr'><strong>Hambourg</strong></span> <span class='ocrx_word' id='word_1_307' title='bbox 720 4244 745 4284; x_wconf 89' lang='lat' dir='ltr'><strong>et</strong></span> <span class='ocrx_word' id='word_1_308' title='bbox 762 4238 786 4283; x_wconf 88' lang='lat' dir='ltr'><strong>le</strong></span> <span class='ocrx_word' id='word_1_309' title='bbox 802 4254 850 4284; x_wconf 85' lang='lat' dir='ltr'><strong>nis.</strong></span> <span class='ocrx_word' id='word_1_310' title='bbox 864 4237 896 4284; x_wconf 90' lang='lat' dir='ltr'><strong>de</strong></span> <span class='ocrx_word' id='word_1_311' title='bbox 908 4237 982 4285; x_wconf 88' lang='lat' dir='ltr'><strong>Gand</strong></span> <span class='ocrx_word' id='word_1_312' title='bbox 1001 4244 1120 4299; x_wconf 83' lang='lat' dir='ltr'><strong>portent,</strong></span> <span class='ocrx_word' id='word_1_313' title='bbox 1138 4239 1191 4285; x_wconf 87' lang='lat' dir='ltr'><strong>l&#39;uu</strong></span> <span class='ocrx_word' id='word_1_314' title='bbox 1213 4245 1239 4286; x_wconf 81' lang='lat' dir='ltr'><strong>et</strong></span> 
     </span>
     <span class='ocr_line' id='line_1_38' title="bbox 117 4298 876 4364; baseline -0.008 -17"><span class='ocrx_word' id='word_1_315' title='bbox 117 4301 220 4359; x_wconf 86' lang='lat' dir='ltr'><strong>l&#39;eutre,</strong></span> <span class='ocrx_word' id='word_1_316' title='bbox 234 4319 283 4364; x_wconf 84' lang='lat' dir='ltr'><strong>par</strong></span> <span class='ocrx_word' id='word_1_317' title='bbox 293 4317 393 4356; x_wconf 86' lang='lat' dir='ltr'><strong>erreur,</strong></span> <span class='ocrx_word' id='word_1_318' title='bbox 406 4317 418 4346; x_wconf 84' lang='lat' dir='ltr'><strong>a</strong></span> <span class='ocrx_word' id='word_1_319' title='bbox 430 4299 489 4346; x_wconf 88' lang='lat' dir='ltr'><strong>idus</strong></span> <span class='ocrx_word' id='word_1_320' title='bbox 499 4298 567 4361; x_wconf 81' lang='lat' dir='ltr'><strong>junii</strong></span> <span class='ocrx_word' id='word_1_321' title='bbox 579 4314 601 4346; x_wconf 84' lang='lat' dir='ltr'><strong>a.</strong></span> <span class='ocrx_word' id='word_1_322' title='bbox 869 4306 876 4316; x_wconf 93' lang='grc'>·</span> 
     </span>
    </p>
   </div>
   <div class='ocr_carea' id='block_1_6' title="bbox 0 0 1602 5192">
    <p class='ocr_par' dir='ltr' id='par_1_7' title="bbox 0 0 1602 5192">
     <span class='ocr_line' id='line_1_39' title="bbox 0 0 1602 5192; baseline 0 0"><span class='ocrx_word' id='word_1_323' title='bbox 0 0 1602 5192; x_wconf 95' lang='lat' dir='ltr'><strong> </strong></span> 
     </span>
    </p>
   </div>
  </div>
 </body>
</html>
