3154 5190
163 454 226 502 leot
542 454 692 502 auratus
710 453 904 502 GANDENSES
1256 453 1286 500 57

163 571 255 659 pium
276 571 421 660 Aprilis,
444 573 587 660 quadam
611 570 690 636 feria
713 571 823 634 sexta¹
849 582 925 633 ante
945 568 1283 648 RamosPalmarum,

163 674 289 749 Guido,
311 687 467 738 strenuus
484 675 625 738 clericus
646 686 679 738 et
700 685 828 738 astutus
848 657 1027 761 episcopos
1046 673 1284 760 Trajeoteusis,

164 776 266 840 frater
291 777 452 842 lobannis
478 776 609 841 comitis
630 775 807 840 Hollandie
829 787 863 838 et
889 775 1055 852 Hanonie‚
1081 776 1137 862 qui
1165 775 1285 863 prede·-

161 901 327 943 cessorem
346 901 443 944 suum
461 878 679 946 Wilhelmum
699 878 920 942 Bertoldum2
944 877 1157 966 episcopum,
1177 877 1284 942 virum

161 980 309 1045 nobilem
334 980 376 1045 dc
407 982 569 1069 sanguine
600 981 722 1045 ducum
747 979 939 1056 Brabantie,
965 979 1226 1068 pulcherrimum
1253 993 1286 1046 et

160 1082 355 1153 litteratum,
374 1083 408 1146 in
425 1081 514 1148 bello
526 1083 731 1160 occiderat3,
750 1105 823 1146 oum
843 1105 961 1172 magna
979 1081 1192 1147 multitudine
1209 1081 1284 1146 Hol-

159 1184 387 1262 landcnsium,
405 1185 582 1250 Frisouum
600 1197 633 1248 et
653 1183 916 1272 Trajectensium
938 1184 1003 1248 sibi
1024 1185 1214 1262 faventium,
1242 1183 1283 1248 ad

160 1287 326 1375 quandam
353 1287 511 1366 insulam,¹
532 1311 596 1376 que
610 1300 754 1352 uocatur
777 1286 958 1365 Duvelant,
983 1286 1017 1352 id
1044 1300 1096 1352 est
1115 1300 1203 1351 terra
1225 1311 1284 1352 co·-

159 1388 346 1453 lumbarum
361 1427 401 1440 --
418 1413 482 1478 que
499 1390 634 1454 suberat
645 1389 793 1455 Guidoni
809 1390 1027 1456 Namurcensi
1043 1429 1087 1440 -
1103 1388 1279 1478 applicuit,

159 1515 233 1555 earn
256 1491 347 1581 igne,
379 1491 491 1582 gladio
511 1505 545 1556 et
570 1493 685 1583 rupina
716 1517 791 1557 curn
819 1492 887 1556 suis
921 1491 1087 1581 incipiens
1111 1492 1281 1556 infestare.

160 1595 260 1678 Quod
278 1607 312 1659 ut
330 1593 477 1659 innotuit
497 1595 668 1660 Florentio
689 1595 729 1659 de
748 1595 908 1672 Bersabe,
935 1607 1078 1684 cognato
1103 1593 1281 1672 Wulfardi,

158 1696 338 1785 assumptis
359 1719 472 1762 secum
491 1697 643 1786 cognatis
660 1710 693 1762 et
710 1695 825 1762 amicis
846 1697 915 1760 suis
936 1709 969 1761 et
989 1720 1068 1785 sepe
1084 1696 1166 1763 dicti
1183 1696 1283 1764 Wul-

159 1799 261 1877 sardi,
283 1813 316 1864 et
335 1789 598 1867 Zelaudensibus
624 1799 735 1864 multis
757 1799 821 1864 sibi
851 1799 1053 1876 faventibus,
1083 1812 1115 1863 et
1145 1797 1283 1863 domino

160 1925 237 1978 suo,
263 1900 410 1966 Guidoni
442 1901 678 1979 Namurceusi,
719 1900 902 1990 paucisque
938 1901 1137 1991 Flamingis,
1178 1899 1284 1964 inscio

159 2003 297 2068 domiuo
316 2028 387 2082 suo,
409 2027 482 2068 cum
509 2003 647 2068 navibus
671 2003 711 2068 ad
733 2002 917 2092 predictam
946 2003 1087 2068 insulam
1113 2002 1283 2092 profectus

159 2120 211 2171 est
246 2106 444 2171 festinanter
476 2106 517 2170 ad
557 2104 782 2171 resistendum
816 2106 969 2194 predicto
1006 2105 1184 2194 episcopo,
1219 2104 1283 2169 sibi

160 2233 287 2272 summe
307 2209 444 2287 odios03
463 2210 744 2297 committensque
761 2232 836 2273 oum
854 2233 893 2273 co
915 2208 1040 2273 bellurn
1057 2207 1165 2296 ipsum
1187 2231 1283 2295 supe·

159 2312 243 2375 ravit
261 2324 294 2375 et
310 2311 490 2376 exercitum
511 2335 606 2375 suum
622 2309 791 2389 confudit,
817 2309 953 2376 circiter
975 2310 1038 2375 tria
1063 2309 1164 2374 millia
1186 2309 1227 2374 de
1244 2334 1283 2374 eo

160 2412 330 2492 occidens,
343 2413 394 2477 vel
406 2414 575 2502 submergi
595 2413 629 2477 in
647 2411 727 2478 mari
744 2437 802 2502 pre
814 2411 1027 2478 festinatione
1046 2413 1122 2503 fuge
1141 2435 1279 2501 cogens.

161 2513 363 2602 Episcopum
392 2515 491 2579 etiam
527 2515 663 2604 capiens
697 2515 738 2579 ad
767 2515 939 2580 dominum
971 2540 1065 2580 suum
1094 2514 1200 2592 duxit,
1225 2513 1281 2602 qui

159 2619 267 2706 ipsum
286 2618 321 2682 in
338 2616 527 2682 Flandriam
542 2618 708 2706 captivum
725 2617 827 2693 misit,
849 2642 977 2705 ponens
993 2641 1067 2682 eum
1084 2619 1116 2681 in
1135 2616 1283 2706 prisione

159 2732 193 2786 et
209 2719 359 2784 custodia
379 2719 471 2783 firma
499 2719 531 2783 in
553 2719 768 2799 Winendale‚
798 2719 853 2784 ubi
876 2734 971 2809 pater
990 2723 1062 2808 ejus
1089 2733 1122 2784 et
1145 2733 1283 2820 patruup

159 2821 266 2910 ipsios
286 2823 437 2912 episcopi
456 2823 683 2900 morabantur.

204 2927 284 2990 Post
299 2926 385 2989 hanc
401 2936 510 2988 autom
527 2923 711 3002 victoriam,
730 2925 841 2990 Guido
858 2927 1096 2991 Namurcensis
1113 2924 1223 2990 villam
1241 2925 1282 2988 de

158 3026 317 3104 Zierioze,
332 3025 546 3091 fortissimam
560 3040 592 3091 et
606 3028 691 3090 boue
707 3028 740 3090 in
755 3027 952 3092 victualibus
970 3042 1002 3092 et
1018 3027 1189 3092 bellicosis
1201 3027 1281 3093 viris

157 3129 359 3206 aluhanne,
390 3129 511 3193 comite
538 3129 815 3194 Hollandensium
840 3143 873 3193 et
897 3130 997 3194 fratre
1023 3153 1082 3194 suo
1108 3129 1278 3206 Guidoue,

157 3230 287 3318 prefato
320 3229 492 3319 episcopo,
537 3232 719 3320 provisam,
760 3231 894 3296 obsedit
930 3232 1093 3296 machinis
1131 3230 1279 3309 bellicis,

157 3331 265 3421 ipsam
287 3333 488 3422 impugnans
514 3334 617 3423 longo
641 3347 814 3423 tenipore3
837 3335 895 3398 sed
915 3334 968 3412 iis,
985 3334 1042 3423 qui
1063 3335 1097 3398 in
1115 3358 1151 3398 eu
1173 3346 1278 3412 erant,

156 3434 300 3499 viriliter
317 3459 352 3499 se
371 3435 577 3513 tenentibus,
601 3434 686 3501 nihil
706 3437 861 3525 profecit.

204 3538 299 3602 Circa
337 3537 436 3602 finem
470 3537 636 3626 Aprilisl,
670 3551 745 3604 ante
777 3539 901 3605 exitum
934 3554 1140 3629 treugarum,
1170 3538 1281 3604 Guido

158 3639 283 3719 senior,
310 3639 395 3704 sicut
426 3640 618 3706 condictum
646 3657 728 3721 erat,
755 3641 997 3731 Compendium
1023 3642 1057 3706 in
1083 3640 1279 3722 custodiam,

189 3929 212 3975 l.
230 3929 264 3976 Le
285 3929 390 3976 combct
405 3929 436 3976 de
453 3929 598 3978 Duivelond
613 3932 651 3977 fut
665 3930 730 3980 livrd
750 3933 773 3979 le
791 3932 915 3980 vendredi
929 3934 958 3979 20
972 3948 1043 3980 murs
1059 3933 1130 3980 1304.
1144 3933 1181 3982 Dr:
1196 3933 1278 3985 Satur.

159 3989 184 4036 la
195 3993 291 4038 Guerre
301 3991 333 4037 de
346 3993 468 4049 Ze‘lcndc,
482 4009 508 4055 p.
523 3993 562 4039 17.

189 4054 213 4101 2.
232 4053 312 4102 Guill.
326 4053 358 4100 do
368 4055 494 4109 Mecheln,
511 4057 550 4104 ev.
562 4055 699 4103 d‘Utreeht
711 4056 803 4119 depuis
817 4057 887 4107 1296.

189 4118 212 4162 3.
233 4115 266 4164 be
280 4118 293 4162 l
306 4115 376 4176 juill.
391 4117 460 4164 1301.
671 4165 673 4184 Ι

188 4178 210 4224 li.
229 4177 279 4226 Gui
292 4177 324 4224 de
336 4179 489 4241 Dampisrrs
503 4180 567 4226 stan
586 4193 678 4226 encore
694 4182 708 4226 ὰ
722 4181 881 4242 Wyaondael
899 4182 923 4227 lc
937 4183 952 4228 u
968 4181 1021 4228 mni
1040 4182 1114 4238 tuot,
1130 4195 1230 4227 comme
1247 4197 1278 4226 en

160 4241 320 4302 tdmoignent
335 4242 373 4288 les
391 4241 552 4290 codicillesrt
570 4257 617 4288 son
634 4249 782 4295 testameot‚
797 4244 860 4308 qu'il
874 4261 890 4306 y
908 4244 1023 4308 rddigea.
1041 4245 1085 4294 Or.
1100 4261 1150 4290 nux
1163 4243 1281 4292 Archives

159 4299 193 4348 du
204 4301 283 4358 Nord,
299 4303 398 4352 iurent.
414 4320 462 4352 ms.
477 4304 522 4351 dos
534 4303 673 4368 Godelroy,
685 4313 713 4352 n·
729 4307 799 4354 4437.
