3178 5192
334 451 364 498 22
713 449 863 498 adustus
880 450 1075 500 Gauunrtstts
1395 452 1456 501 1302

333 591 451 656 opum,
480 569 585 655 major
608 590 685 654 pars
708 567 957 633 communitatis
986 569 1020 632 in
1049 568 1173 633 dictam
1203 569 1453 660 colligationem

335 669 525 733 consentire
557 668 675 746 noluit,
700 671 758 734 sed
790 693 824 733 se
853 683 968 735 tencre
995 694 1036 734 ex
1062 670 1156 760 parte
1188 672 1289 760 regis.
1319 671 1457 736 Liliardi

334 772 433 837 etiam
451 788 730 861 procuraverunt,
749 797 764 835 a
781 775 906 837 Jacobo
924 773 1165 851 Sancti-Pauli,
1184 773 1351 839 mittenti¹
1371 797 1458 838 com-

335 879 487 943 munitati
508 879 679 944 Gandensi
700 879 918 960 mediatores,
942 881 1043 946 verba
1070 879 1214 948 mitiora.
1237 878 1328 945 Dicti
1348 893 1459 944 autem

336 979 431 1045 amici
452 981 584 1046 comitis
605 983 668 1046 hoc
691 980 861 1059 videntes,
885 981 961 1046 villa
983 1007 1040 1046 sna
1060 981 1191 1060 relicta,
1213 1005 1288 1047 cum
1306 985 1460 1072 Brugen-

336 1082 428 1147 sibus
445 1083 595 1171 periculo
611 1108 645 1147 se
666 1082 846 1148 dederunt.

380 1185 523 1249 lacobus
537 1183 651 1274 igitur,
671 1184 711 1248 iis
731 1185 940 1272 temporibus
959 1185 1149 1250 convocatis
1167 1186 1327 1274 episcopo
1344 1184 1462 1250 Autis-

336 1287 523 1351 siodorensi
539 1299 572 1352 et
592 1290 691 1353 Petro
708 1288 749 1352 de
769 1286 874 1365 Flota,
899 1287 1003 1352 milite
1021 1301 1055 1352 et
1075 1287 1211 1352 domino
1231 1286 1356 1377 legum,
1377 1288 1462 1351 viris

335 1389 510 1454 industriis
527 1403 559 1453 et
584 1391 730 1478 expertis
756 1404 789 1454 et
815 1390 1006 1469 malitiosis,
1032 1389 1237 1478 summisque
1258 1389 1462 1456 consiliariis

336 1498 441 1585 regis,
460 1496 501 1560 ad
517 1496 694 1561 consilium
711 1523 823 1577 suum,
840 1497 1059 1588 congregavit
1079 1497 1168 1585 apud
1184 1499 1399 1574 Curtracum,
1420 1497 1462 1560 de

336 1597 487 1677 Francia,
524 1613 557 1663 et
585 1599 751 1679 Picardia,
778 1614 810 1665 et
841 1600 1008 1676 Hanonia‚
1034 1613 1066 1665 et
1091 1600 1263 1678 Flandrie‚
1295 1599 1461 1664 nobilium

336 1702 484 1789 equitum
501 1703 681 1766 exercitum
703 1704 889 1790 copiosum,
911 1716 944 1767 et
957 1702 1147 1767 balistarios
1166 1715 1199 1767 et
1214 1703 1346 1790 pedites
1364 1702 1463 1765 valde

337 1803 471 1879 multos,
487 1843 532 1853 —
551 1827 692 1894 quorum
709 1828 867 1870 numerus
888 1807 922 1870 in
939 1829 1051 1896 pugna
1069 1805 1222 1893 sequenti
1239 1818 1272 1869 et
1286 1803 1362 1898 aliis
1383 1827 1463 1892 pre-

336 1906 390 1971 liis
408 1906 627 1994 sequentibus
646 1931 661 1970 a
679 1932 730 1972 me
752 1933 819 1972 non
838 1909 986 1996 ponitur,
1009 1909 1084 1996 quia
1100 1908 1336 1985 Flandrenses,
1356 1906 1464 1970 homi·

337 2034 396 2073 nes
414 2009 516 2073 fortes
538 2023 570 2073 et
597 2010 683 2074 bene
711 2011 828 2075 nutriti
857 2036 893 2075 ac
921 2010 1046 2099 optime
1072 2009 1202 2097 armati,
1226 2010 1268 2076 de
1288 2008 1464 2098 peditibus

336 2115 540 2178 Francorum
557 2113 652 2199 quasi
672 2137 740 2176 nou
764 2127 882 2178 curant
900 2153 940 2163 -
959 2114 1204 2203 proposuitque
1226 2113 1277 2178 vel
1298 2121 1385 2191 arte,
1412 2111 1465 2176 vel

336 2213 458 2279 virtute
472 2237 651 2292 armorum,
667 2215 750 2279 sacta
767 2217 943 2303 utriusque
957 2215 1206 2280 communitatis
1222 2215 1380 2280 ferociter
1393 2213 1466 2278 vin·
1549 2233 1550 2244 ¹

338 2315 461 2381 dicare.
492 2318 562 2380 Hoc
591 2329 700 2381 autem
723 2316 916 2406 intelligens
942 2317 1143 2386 Wilhelmus
1171 2317 1386 2395 Juliacensis,
1413 2315 1468 2380 vi·
1549 2349 1550 2360 κ

338 2420 488 2507 densque
500 2420 722 2484 communiter
737 2445 853 2484 omncs
865 2420 983 2485 divites
999 2419 1247 2485 communitatis
1262 2419 1465 2509 BrugensiS‚

339 2523 425 2586 sicut
439 2523 472 2585 in
488 2521 658 2599 Gandavo,
679 2522 862 2610 potentiam
882 2525 1086 2588 Francorum
1103 2535 1136 2588 et
1151 2521 1351 2587 industriam
1365 2520 1467 2586 valde

338 2617 476 2703 timere,
504 2623 691 2712 aliquorum
713 2625 811 2690 etiam
834 2628 993 2714 majorum
1018 2625 1258 2705 Liliardorum,
1287 2624 1397 2688 adhuc
1426 2623 1466 2687 in

338 2727 413 2791 villa
438 2725 651 2790 existentium
671 2728 808 2794 -licet
827 2727 921 2792 multi
943 2727 984 2791 de
1004 2752 1041 2791 ea
1062 2728 1218 2818 fugerant
1235 2767 1276 2776 -
1291 2739 1324 2791 et
1339 2726 1467 2791 amico-

340 2853 411 2893 rum
434 2828 583 2917 ipsorum
611 2840 827 2916 utrorumque
856 2829 957 2893 eorda
988 2853 1061 2894 cum
1092 2831 1167 2918 ipso
1189 2833 1375 2908 maesse,
1402 2829 1466 2892 sed

341 2933 445 3021 magis
459 2953 533 2995 cum
550 2955 643 3020 rege,
666 2946 761 2997 caute
779 2933 820 2996 de
836 2931 912 2996 villa
933 2932 1099 3021 Brugensi
1117 2931 1267 3009 recessit,
1286 2931 1467 2996 conferens

341 3058 375 3097 se
387 3033 428 3097 ad
440 3045 566 3121 partem
583 3033 760 3121 quamdam
781 3033 950 3111 Flandrie‚
974 3058 1037 3121 que
1053 3047 1187 3098 vocatur
1206 3046 1294 3098 terra
1313 3036 1468 3116 Quatuor

341 3135 549 3213 Officiorum,
579 3134 694 3223 ibique
721 3135 903 3199 avunculus
935 3160 1013 3199 suus
1043 3135 1154 3200 Guido
1179 3135 1218 3199 ad
1253 3160 1326 3199 eum
1357 3132 1463 3216 yenit.

342 3241 460 3302 Petrus
481 3249 590 3301 autem
612 3239 693 3316 Rex,
714 3239 893 3326 assumptis
910 3261 1023 3302 secum
1040 3238 1175 3303 circiter
1195 3237 1285 3302 mille
1301 3236 1466 3326 quingen-

340 3339 383 3404 tis
411 3339 581 3427 peditibus
611 3341 698 3404 bene
724 3339 860 3404 armatis
892 3339 933 3403 de
963 3341 1199 3406 communitate
1230 3339 1399 3429 Brugensi
1432 3353 1467 3403 et

342 3442 522 3510 balistariis
543 3455 694 3520 centum,
718 3442 809 3506 venit
824 3446 915 3530 juxta
942 3443 1150 3523 Gandavum,
1172 3467 1312 3530 sperans
1330 3440 1466 3506 blandis

341 3545 451 3611 verbis
479 3546 748 3609 communitatem
775 3541 989 3610 Gaudensem
1014 3569 1031 3608 a
1052 3569 1132 3634 rege
1154 3558 1315 3622 avortere,
1332 3542 1466 3609 denun-

342 3647 506 3736 ciavitque
525 3645 638 3712 multis
656 3646 769 3728 exeis,
787 3647 892 3711 lilium
912 3647 1043 3712 comitis
1059 3661 1092 3712 et
1108 3660 1276 3736 nepotem,
1296 3641 1322 3710 si
1337 3643 1466 3712 confra-

374 3935 396 3983 'l.
415 3935 449 3984 Le
462 3941 530 3982 texta
540 3941 580 3982 ast
592 3947 742 3996 corrumpo.
753 3934 785 3982 Lo
797 3947 846 3980 ms.
860 3931 891 3980 de
903 3935 978 3984 Gand
992 3940 1067 3998 porte
1080 3951 1085 3981 :
1099 3947 1111 3980 n
1123 3933 1201 3981 aJac.
1217 3933 1337 3981 s.-1³su1t
1350 3933 1466 3980 intrante

342 3998 523 4045 communitati
541 3996 672 4046 Gaudenti
690 4010 737 4059 per
750 3995 907 4043 mediatores
920 3997 1000 4045 verba
1014 3995 1119 4043 mitiora
1132 4012 1158 4052 υς
1172 3995 1230 4044 l‘c'd.
1244 3995 1276 4042 de
1290 3995 1445 4058 iiamhourg
1459 4011 1465 4042 t

343 4081 356 4103 n
367 4077 382 4108 a
396 4061 452 4107 lae.
472 4060 589 4108 s-pauli
604 4059 716 4106 mittenti
729 4058 828 4105 civitati
843 4059 975 4107 Gaudensi
989 4076 1037 4122 per
1050 4059 1206 4106 mediatores
1221 4059 1300 4105 verbo
1316 4058 1420 4105 mitiora
1434 4071 1464 4112 »ς

343 4123 379 4170 Da
393 4124 465 4170 Smot
477 4123 530 4170 anit
542 4123 566 4168 le
586 4125 654 4168 texte
671 4121 702 4168 de
717 4121 806 4176 Gend,
822 4121 887 4168 tusi·
905 4137 935 4167 en
953 4123 1118 4184 templaqant
1135 4136 1147 4166 a
1161 4119 1298 4168 intrantes
1312 4133 1361 4182 par
1378 4118 1464 4166 amit-

343 4184 406 4233 tenti
420 4181 631 4248 u3Leppenberg
641 4183 771 4245 remplnoc
785 4197 797 4230 u
814 4183 927 4230 intrante
941 4197 952 4230 n
972 4197 1020 4246 por
1034 4198 1046 4230 a
1059 4183 1196 4230 intimante
1205 4199 1227 4230 a.
1242 4183 1274 4230 Lo
1285 4189 1353 4230 texta
1362 4181 1464 4228 oi-der·

343 4259 387 4294 tus
401 4259 466 4296 noas
500 4244 570 4294 arsit
583 4247 740 4309 preferable,
762 4257 774 4291 a
788 4245 969 4294 mediatores»
984 4250 1064 4308 ayant
1077 4249 1194 4304 sentent,
1205 4243 1271 4292 dans
1284 4241 1322 4292 let
1335 4247 1418 4292 textas
1431 4239 1464 4291 d·

343 4309 471 4372 l'epoque,
481 4259 510 4358 le
521 4325 580 4358 sens
593 4308 625 4358 de
639 4325 650 4356 a
664 4309 795 4371 delegue's,
807 4311 1002 4371 representem·
1016 4321 1038 4355 u.
