3168 5204
313 392 345 438 su
692 393 841 442 auratus
859 393 1054 444 GANDENSES
1372 395 1437 442 teor

321 535 338 574 κ
359 507 455 572 Ciro'a
472 508 691 598 principium»
705 510 860 600 Augusti,
892 511 1082 600 Philippus,
1114 511 1297 588 lohannes,
1309 511 1437 576 -Guido

315 623 347 674 et
380 608 594 690 Wilhelrnus,
621 613 861 702 instigantibus
892 638 949 678 eos
978 615 1152 702 potissime
1186 613 1436 692 lusulensibue,

260 779 262 784 Α
315 712 438 800 quibus
456 713 686 780 Tornaoenscs
701 714 925 797 erantodiosi‚
945 714 1022 805 quia
1039 717 1190 804 tempore
1208 715 1438 805 predictarum

314 817 510 904 guerrarum
527 829 634 882 reret
651 816 800 882 solidarii
819 817 870 882 sui
888 817 929 882 de
945 819 1097 883 Tornaco
1111 819 1225 908 sepius
1241 819 1440 884 insulenses

315 917 532 996 infestarent„
552 918 738 986 coadunato
767 920 909 988 maximo
928 921 1090 998 exercitu,
1116 921 1282 986 civitatem
1309 923 1440 987 Torna-

316 1027 512 1086 censem-w
532 1019 567 1086 in
586 1045 650 1111 qua
677 1035 772 1088 erant
791 1022 941 1088 solidarii
963 1022 1071 1114 regis,
1093 1023 1214 1089 Franci
1235 1023 1354 1112 pauci,
1378 1023 1440 1088 sed

315 1121 495 1188 hembardi
509 1123 639 1213 equites
654 1138 687 1189 et
699 1124 991 1214 Hispanipedites,
1007 1127 1237 1214 quivocantur
1254 1125 1403 1192 Bedauri
1415 1125 1439 1202 ¹,

316 1224 565 1312 quamplurimi,
582 1262 627 1276 --
646 1227 845 1292 obsiderunt
873 1251 934 1316 per
963 1251 1021 1291 sex
1048 1229 1264 1316 septimanas,
1286 1251 1360 1292 eam
1384 1227 1442 1292 dic

238 1407 244 1422 ,-
316 1339 483 1416 noctuque
503 1328 666 1394 machinis
684 1341 718 1394 et
740 1329 973 1408 instrumentis
993 1329 1136 1408 bellicis,
1157 1329 1234 1419 quia
1255 1329 1440 1395 fortissima

315 1442 399 1508 erat,
416 1430 537 1494 acriter
552 1445 800 1521 oppugnantes,
820 1445 853 1496 et
873 1445 962 1496 terre
984 1430 1251 1521 circumjacenti,
1276 1455 1341 1520 que
1366 1430 1441 1520 regi

316 1544 350 1596 et
369 1530 483 1597 comiti
499 1534 649 1606 Hanonie
668 1534 802 1600 subdite
819 1547 890 1600 erat
909 1573 951 1584 ·-
972 1535 1064 1622 quia,
1085 1533 1165 1601 licet
1189 1533 1279 1600 inter
1294 1533 1388 1624 ipsos
1408 1547 1442 1598 et

318 1633 473 1699 comitem
502 1634 667 1720 Hauonie,
708 1649 884 1726 cognatum
915 1661 1023 1716 suum,
1055 1650 1144 1701 esset
1172 1633 1288 1724 treuge
1322 1659 1443 1700 versus

319 1736 542 1816 Hollandiam,
564 1763 631 1804 uon
658 1751 768 1826 tamen
794 1753 866 1803 erat
889 1752 1005 1830 treuga
1032 1763 1148 1804 versus
1176 1738 1378 1818 Hancniam,
1399 1779 1443 1788 -

318 1839 437 1904 damna
464 1839 638 1905 innumera
663 1840 846 1907 inferentes
865 1866 925 1929 per
949 1840 1107 1907 incendia
1127 1851 1160 1906 et
1185 1842 1333 1930 rapinas,
1357 1842 1441 1920 suis,

316 1942 480 2031 plurimos
505 1943 651 2008 hostium
675 1945 709 2007 in
729 1945 841 2008 multis
864 1945 1099 2010 occidentibus
1119 1957 1153 2008 et
1170 1944 1443 2032 quandocunque

318 2043 453 2124 occisis,
467 2044 667 2112 insultibus.

362 2149 434 2213 Rex
448 2147 551 2237 igitur
571 2161 603 2212 et
623 2172 734 2217 comes
754 2150 917 2225 Hauonie,
940 2148 1065 2214 civitati
1086 2148 1291 2215 Tornacensi
1304 2172 1445 2213 succur-

319 2271 393 2314 rere
426 2263 458 2315 et
490 2239 716 2316 ¹Flandrenses
748 2252 789 2317 de
816 2251 994 2316 obsidione
1024 2265 1056 2315 et
1085 2253 1338 2342 oppugnatione
1371 2253 1444 2340 ejus

319 2381 490 2424 removere
508 2382 573 2422 uon
594 2359 755 2434 valenteS,
775 2359 826 2424 vel
848 2383 915 2423 non
936 2357 1110 2436 audentes,
1133 2357 1254 2422 comite
1273 2357 1444 2424 sabaudie

320 2459 515 2538 mediatore,
536 2473 671 2550 treugas
697 2484 800 2549 usque
831 2460 872 2525 ad
900 2459 1033 2524 initium
1059 2462 1183 2524 mensis
1210 2459 1289 2525 Mali
1322 2485 1338 2524 a
1365 2459 1444 2542 liliis

321 2561 452 2626 comitis
478 2574 511 2625 et
533 2562 717 2630 Wilhelmo
743 2564 1001 2652 procurarunt2,
1029 2563 1088 2627 tali
1116 2561 1325 2642 conditione,
1351 2562 1444 2651 quod

321 2663 433 2732 Guido
454 2662 577 2743 senior,
604 2679 699 2754 pater
719 2665 876 2753 ipsorum·
893 2677 926 2730 et
950 2689 1028 2730 avus
1054 2663 1240 2741 Wilhelmi,
1272 2688 1378 2752 usque
1403 2665 1444 2729 ad

322 2766 446 2832 exitum
478 2778 671 2857 treugarum
710 2767 751 2832 ad
789 2781 1051 2846 terramsuam,
1082 2766 1212 2831 scilicet
1236 2767 1442 2846 Flandriam‚

322 2882 556 2947 reverteretur,
582 2869 660 2936 liliis
684 2869 764 2949 suis,
796 2870 925 2934 scilicet
952 2871 1101 2936 Roberto
1133 2883 1166 2933 ct
1186 2869 1385 2947 Wilhelmo,
1412 2883 1446 2933 et

323 2972 490 3060 aliquibus
512 2970 673 3038 militibus
695 2973 808 3060 paucis
832 2997 943 3037 secum
961 2971 1210 3038 remanentibus
1226 2971 1261 3036 in
1279 2972 1444 3062 prisione.

324 3078 406 3140 Cum
435 3075 659 3162 Flaudrenses
684 3075 725 3140 de
753 3075 928 3141 obsidione
953 3075 1111 3139 recedere
1132 3074 1268 3154 vellent,
1299 3073 1444 3164 quodam

324 3201 420 3242 mane
440 3189 618 3266 antequam
637 3178 780 3242 tentoria
800 3177 1022 3265 deponerent,
1041 3175 1177 3266 quidam
1187 3176 1351 3265 ipsorum,
1367 3178 1445 3266 igne

323 3281 358 3346 in
379 3280 606 3346 tabernaculis
628 3279 679 3345 vel
698 3279 901 3344 umbraculis
923 3279 1019 3346 lactis
1040 3277 1080 3344 de
1106 3279 1204 3345 ramis
1230 3280 1387 3344 arborum
1413 3291 1446 3342 et

325 3380 558 3460 straminibus,
581 3383 614 3445 in
639 3382 760 3470 quibus
781 3382 901 3472 vulgus
919 3381 1050 3447 solebat
1069 3381 1258 3470 quiescere,
1281 3380 1444 3459 immisso,

325 3486 450 3550 fumum
466 3485 643 3550 maximum
659 3498 898 3574 procurarunt3
910 3484 967 3573 qui
979 3486 1067 3574 ignis
1080 3498 1114 3548 et
1130 3485 1250 3561 sumus,
1268 3497 1446 3572 postquam

327 3600 433 3652 castra
456 3585 710 3654 Flandrensium
732 3599 827 3652 erant
850 3610 925 3652 oum
948 3585 1160 3652 festinatione
1187 3585 1355 3675 deposita,
1382 3611 1445 3650 me·

324 3825 410 3890 partie
425 3839 441 3871 a
456 3823 598 3871 l'encontre
615 3825 661 3872 des
682 3825 811 3881 Flamens,
829 3833 858 3872 ct
875 3825 897 3872 si
911 3825 990 3871 deses
1008 3823 1097 3870 saveir
1116 3837 1166 3886 que
1184 3822 1203 3870 li
1216 3837 1298 3886 grans
1310 3821 1359 3868 hos
1373 3837 1406 3870 ne
1420 3833 1446 3868 se

327 3887 451 3944 mouvoit,
472 3893 529 3934 tout
548 3887 639 3934 l’arstn
657 3886 754 3934 durant
771 3893 796 3934 et
815 3889 839 3935 le
857 3887 970 3949 damage
1006 3899 1037 3932 ue
1055 3885 1073 3932 li
1092 3885 1215 3932 Flamenc
1234 3885 1357 3932 tatsoient
1373 3901 1403 3932 en
1424 3885 1446 3933 le

326 3953 401 3996 conte
413 3948 535 3996 d’Artoim
550 3965 562 3994 n
577 3949 643 3997 Bibl.
657 3965 712 4012 roy.
724 3949 757 3997 de
768 3949 913 4006 Bruxelles,
927 3965 977 3996 ms.
987 3901 1128 4004 llatssl-d's,
1147 3949 1164 3992 t.
1184 3948 1237 3994 202.
1298 3965 1301 3972 ·

358 4013 381 4059 1.
400 4013 448 4059 Les
463 4011 578 4071 hidauts,
591 4012 695 4074 pittone
708 4011 822 4073 busques
835 4019 861 4060 et
873 4011 1016 4074 espognols
1027 4012 1113 4058 armes
1128 4014 1143 4056 a
1156 4009 1200 4056 lsl
1236 4011 1288 4056 ere.

358 4075 381 4121 2.
400 4075 434 4121 Le
454 4075 531 4121 truite
551 4075 632 4122 fixant
648 4074 685 4121 les
703 4073 850 4122 conditione
869 4075 914 4122 des
929 4077 1014 4122 trever
1033 4079 1105 4120 entre
1122 4073 1147 4118 le
1163 4071 1202 4118 rol
1233 4072 1359 4120 eFrence
1371 4076 1398 4118 et
1409 4071 1446 4118 los

327 4138 370 4184 fils
382 4137 414 4183 de
427 4136 476 4184 uui
488 4136 519 4183 de
533 4137 686 4200 Dempierro
701 4138 739 4184 lut
752 4137 830 4184 scelte
843 4138 869 4184 le
888 4139 919 4184 20
938 4135 1086 4200 septembre
1102 4135 1164 4181 l303
1173 4134 1289 4244 qOrigin.
1308 4149 1360 4181 aux
1370 4133 1445 4180 Arch.

326 4207 391 4256 nat..
413 4215 425 4247 r
446 4199 499 4256 544,
514 4201 602 4265 n⁰13).
618 4200 665 4248 Les
680 4203 765 4248 treves
777 4199 900 4248 devoient
909 4199 996 4276 'duret
1009 4198 1115 4265 jusqu't
1134 4198 1160 4244 la
1193 4202 1316 4246 entertte·
1329 4196 1369 4266 (rt
1382 4197 1447 4262 moi)

328 4266 398 4313 taut.
