3178 5192
374 429 404 482 to
752 422 903 480 auratus
919 419 1116 480 catonusus
1434 429 1486 476 raca

375 551 514 626 bantur3
542 546 619 612 villa
647 546 734 611 enim
763 546 952 614 Gaudeusis
981 571 1016 612 se
1042 547 1152 612 tenuit
1177 571 1252 611 cum
1282 547 1397 637 regel,
1425 560 1488 611 toto

371 650 540 716 territorio
573 649 830 738 circumjacente
859 673 934 714 cum
964 649 1120 716 Guidoue
1147 661 1180 714 et
1210 649 1394 718 Wilhelmo
1424 648 1488 712 exi-

373 767 493 829 stente,
511 766 544 816 et
559 751 635 817 ideo
648 753 850 816 frumentum
865 753 974 817 etalio
989 753 1144 817 victualia
1161 775 1226 816 non
1241 752 1308 816 nisi
1324 750 1443 816 furtive
1460 751 1489 814 iu

372 880 409 920 ea
445 869 600 944 poterant
629 855 809 920 introduci.
838 857 958 945 Magna
984 855 1047 920 fuit
1071 854 1104 919 iu
1130 855 1291 919 Gaudavo
1312 855 1487 931 dissensio,

371 958 461 1047 quod
480 957 632 1046 vulgares
653 957 806 1020 favebant
823 955 954 1040 comiti,
980 972 1013 1022 et
1037 956 1174 1022 Liliardi
1193 969 1227 1021 et
1242 956 1383 1022 ditiores
1402 956 1488 1046 regi,

373 1077 406 1125 et
423 1061 499 1125 ideo
516 1084 594 1148 sepe
609 1059 790 1124 timebatur
810 1059 852 1124 de
873 1059 960 1124 bello
976 1059 1137 1124 intestino
1152 1061 1241 1124 inter
1260 1081 1330 1124 eos.

415 1165 511 1229 Circa
532 1161 736 1249 principium
755 1161 879 1226 mensis
896 1161 985 1241 Julii,
1007 1163 1173 1227 Robcrtus
1195 1160 1377 1226 exercitum
1398 1186 1490 1226 suum

373 1267 474 1330 movit
495 1267 536 1330 de
571 1265 691 1341 Insula,
720 1264 889 1351 profectus
914 1288 1028 1330 versus
1055 1265 1296 1343 Curtracuml,
1318 1277 1490 1351 castraque

371 1381 513 1433 metatus
539 1380 590 1432 est
608 1369 700 1456 juxta
724 1366 846 1430 dictam
861 1367 972 1432 villam
995 1391 1055 1454 per
1072 1366 1264 1432 distantiam
1284 1380 1430 1455 quatuor
1445 1365 1491 1430 vel

371 1470 519 1559 quinque
536 1469 731 1534 stadiorum.
749 1468 869 1534 Franci
890 1482 1000 1534 autem
1018 1469 1208 1534 Flandriam
1228 1470 1395 1534 intrantes
1421 1468 1490 1533 Fla·

371 1572 587 1662 miogantem,
607 1584 643 1637 ut
661 1570 881 1636 ostenderent
904 1571 1108 1636 ferocitatem
1131 1571 1233 1636 animi
1249 1571 1318 1650 sui,
1342 1584 1376 1636 et
1398 1573 1425 1637 F
1429 1571 1491 1634 lan-

370 1675 509 1740 dreuses
533 1688 660 1739 terrere
685 1674 851 1752 volentes,
890 1698 956 1738 uon
983 1675 1167 1763 parcebant
1190 1673 1402 1752 mulieribus,
1433 1697 1490 1737 uec

368 1777 564 1854 infantibus,
583 1800 644 1840 nec
664 1775 864 1863 decrepitis,
882 1777 962 1864 quin
981 1800 1039 1840 ecs
1055 1776 1269 1854 occiderent,
1293 1787 1377 1865 quos
1400 1777 1490 1840 inve·

369 1881 441 1944 nire
461 1891 631 1968 poteraut;
654 1878 720 1942 imo
735 1891 768 1942 et
782 1877 945 1969 imagines
966 1893 1153 1943 sanctorum
1171 1878 1206 1943 in
1222 1878 1389 1957 eeclesiis,
1411 1875 1491 1944 acsi

368 1982 522 2047 homines
538 1982 681 2045 luissent
699 1981 775 2058 vivi,
793 1979 1083 2069 decapitaverunt,
1106 1981 1169 2047 alia
1194 1981 1242 2046 eis
1267 1981 1366 2046 etiam
1388 2005 1491 2046 mem·

369 2086 428 2149 bra
440 2097 660 2172 amputantes.
680 2086 750 2148 Hoc
766 2095 873 2148 autem
893 2084 1014 2148 factum
1030 2085 1256 2149 Flandreuses
1274 2085 1488 2160 conterruit,

369 2188 428 2251 sed
453 2187 558 2275 magis
579 2186 618 2249 ad
637 2185 719 2250 iram
741 2198 773 2249 et
795 2185 939 2250 furorem
956 2198 989 2250 et
1009 2185 1050 2250 ad
1071 2185 1254 2250 crudeliter
1273 2186 1490 2275 pugnandum

368 2289 524 2354 animavit
539 2300 571 2352 et
590 2286 793 2375 provocavit.

412 2390 523 2455 Guido
539 2390 642 2478 igitur
661 2404 694 2454 et
712 2388 926 2467 Wilhelmus‚
947 2389 1084 2479 cognito
1100 2390 1242 2455 adventu
1257 2389 1488 2466 inimieorum,

368 2517 451 2581 quos
466 2515 593 2584 summe
611 2492 766 2568 oderunt,
784 2491 910 2556 alacres
926 2505 959 2556 et
976 2493 1035 2557 leti
1050 2505 1341 2584 congregaverunt
1361 2494 1490 2558 exerei-

367 2612 450 2674 tum,
481 2595 616 2660 circiter
639 2596 809 2684 sexaginta
843 2594 944 2660 millia
974 2595 1124 2683 peditum
1150 2596 1284 2660 sortium
1309 2608 1342 2676 et
1363 2596 1490 2684 optime

367 2712 588 2777 armatorum,
619 2711 914 2787 conveneruntque
940 2699 980 2762 ad
1009 2722 1065 2762 cos
1085 2722 1200 2762 omnes
1230 2698 1346 2762 fideles
1373 2699 1488 2774 corde,

367 2801 423 2888 qui
450 2826 507 2865 eos
533 2800 738 2890 diligebant,
768 2825 835 2864 non
861 2800 970 2864 solum
996 2800 1038 2865 de
1063 2800 1214 2888 partibus
1236 2800 1405 2878 Flandrie,
1433 2800 1490 2889 qui

367 2925 442 2968 cum
462 2902 509 2967 eis
526 2914 621 2967 erant
635 2916 701 2967 eta
722 2901 1053 2995 rege-discesserant,
1074 2903 1248 2966 sedetiam
1268 2903 1309 2967 de
1329 2904 1490 2968 Gandavo

367 3006 501 3070 circiter
525 3004 732 3095 septingenti
756 3006 818 3070 viri
847 3006 933 3068 bene
967 3005 1095 3083 armati,
1130 3005 1187 3092 qui
1214 3005 1326 3068 villam
1357 3006 1489 3072 occulte

367 3111 526 3188 exierant,
543 3108 631 3171 unde
647 3120 679 3172 et
693 3131 709 3172 a
726 3106 880 3171 Liliardis
896 3106 1006 3172 statim
1020 3121 1158 3196 propter
1173 3108 1237 3172 hoc
1252 3107 1381 3174 banniti
1396 3121 1487 3186 sunt;

367 3234 562 3298 omnesque,
585 3233 669 3296 quos
692 3222 990 3298 congregaverant,
1013 3233 1140 3274 summe
1160 3233 1234 3274 cum
1255 3211 1394 3276 Francis
1415 3212 1489 3276 bel·

366 3314 434 3378 lum
455 3314 579 3376 habere
596 3310 808 3376 affectabant.
829 3312 1003 3375 Habebunt
1023 3324 1131 3376 autem
1154 3309 1266 3380 Guido
1291 3325 1324 3376 et
1344 3312 1488 3382 Wilhel-

367 3439 439 3478 mus
468 3439 534 3478 non
556 3413 621 3477 nisi
642 3413 776 3477 circiter
798 3413 912 3477 decem
936 3411 1057 3477 milites
1084 3413 1116 3478 in
1142 3426 1214 3478 toto
1239 3417 1388 3480 exercitu
1413 3440 1486 3493 suo,

367 3520 455 3586 inter
473 3545 557 3608 quos
578 3519 730 3608 precipui
749 3533 856 3597 erant,
875 3531 909 3582 et
928 3519 960 3582 in
977 3520 1077 3585 rebus
1094 3520 1223 3584 bellicis
1240 3521 1382 3610 experti,
1401 3525 1488 3588 Heu-

365 3620 456 3684 ricus
489 3619 531 3683 de
560 3618 709 3704 Loncby,
736 3616 778 3681 de
804 3618 926 3680 ducatu
954 3618 1207 3708 Lemburgensi‚
1247 3620 1416 3684 lohannes
1448 3620 1488 3684 de

395 3841 417 3888 l.
437 3841 554 3888 Velthem
565 3855 660 3902 expose
670 3837 743 3885 l'etat
754 3838 800 3884 des
811 3839 917 3901 esprits,
930 3855 961 3886 en
975 3839 1100 3902 quelques
1114 3847 1181 3888 mots
1194 3857 1199 3889 :
1214 3858 1226 3888 c
1241 3843 1261 3890 ll
1272 3859 1289 3905 y
1301 3845 1372 3890 avait
1384 3846 1399 3890 a
1412 3843 1487 3892 Gand

364 3903 431 3950 deux
444 3903 537 3966 partis.
551 3903 600 3950 Les
615 3917 664 3950 uns
678 3901 807 3948 u'osaicnt
819 3917 866 3963 pas
880 3901 935 3948 dire
948 3918 997 3964 quc
1009 3903 1080 3950 leurs
1095 3904 1256 3966 sympathies
1270 3906 1367 3953 etaient
1378 3922 1447 3969 pour
1465 3908 1487 3954 le

363 3972 448 4012 comte
463 3965 501 4038 ‘de
524 3965 649 4036 thdre,
670 3964 704 4011 ils
726 3962 823 4034 e'taien't
840 3980 884 4010 sur
897 3964 953 4010 leur
973 3965 1215 4039 garde,acboque¹
1223 3983 1281 4029 pas.
1303 3968 1350 4015 Les
1368 3968 1487 4016 leliaerts

363 4025 1486 4156 ttt‘tlttttltpltltssltlttltt‘tltttttlttttttttttttllltlt

363 4152 464 4218 Spr'egel
475 4151 620 4206 historiaat,
633 4151 678 4199 liv.
692 4151 733 4206 lv,
748 4151 825 4212 chop.
839 4152 877 4203 ll,
891 4167 917 4213 p.
930 4152 975 4197 265
986 4152 1016 4197 de
1029 4151 1088 4198 l'e'd.
1103 4151 1137 4197 Le
1148 4151 1199 4198 Lon
1224 4189 1229 4199 .

363 4221 423 4328 ¹3&
435 4216 498 4325 lgpb.
512 4215 625 4324 ‘¹⁸⁸⁹‘ng
638 4214 721 4278 quitto
734 4213 879 4275 Ma'rquette
893 4216 916 4259 le
928 4215 943 4258 6
955 4218 980 4260 et
992 4213 1080 4260 orrivn
1093 4213 1190 4260 devant
1202 4217 1323 4264 bourtrai
1335 4218 1358 4264 le
1373 4219 1387 4263 8
1397 4217 1485 4280 juillet

428 4314 433 4328 .
469 4295 548 4325 ocant.
563 4295 606 4328 ci.
