3178 5192
353 483 383 534 20
731 471 880 526 ANNALLS
898 469 1093 525 GANDENSES
1411 464 1472 512 1302

353 602 475 666 factum
504 598 647 663 lacobus
673 596 714 660 de
739 597 862 660 Sancto
888 591 1007 669 Paulo,
1034 587 1084 653 vir
1108 609 1269 677 arrogans
1293 597 1327 649 et
1348 583 1471 662 elatus,

354 699 647 793 indignantissime
674 697 822 786 accepit,
849 709 883 760 et
904 692 1104 784 quibusdam
1130 687 1387 765 mediatoribus,
1416 687 1474 773 qui

353 805 500 870 libenter
520 801 609 867 inter
631 800 741 889 ipsum
765 813 799 864 et
822 797 1094 864 communitatem
1118 789 1332 858 Gandensem
1356 812 1476 878 pacem

353 919 606 997 procurassent,
628 916 723 969 acute
744 901 938 990 respondit,
962 898 1122 963 mandans
1142 918 1279 984 percos
1301 893 1367 982 ipsi
1382 916 1476 956 com-

354 1009 508 1075 munitati
524 1009 625 1074 verba
642 1003 906 1083 comminatoria,
929 1003 1068 1066 altitona
1084 1011 1118 1064 et
1131 996 1311 1064 excessiva.

852 1257 976 1324 1302.

397 1457 494 1523 Anno
505 1455 639 1522 Domini
658 1455 880 1531 .M.CCC.II.,
891 1451 1018 1541 incepit
1034 1451 1117 1516 dura
1129 1463 1161 1514 et
1173 1447 1353 1527 mortifera,
1371 1446 1477 1535 longo

352 1575 503 1650 tempore
528 1573 689 1647 concepta
716 1570 750 1621 et
768 1553 990 1645 implacabilis
1014 1577 1148 1644 guerra,
1179 1575 1244 1640 que
1270 1548 1404 1614 tandem
1436 1547 1477 1612 ad

353 1677 484 1751 partum
506 1661 640 1726 devenit
663 1683 737 1724 curn
754 1657 975 1722 horribilibus
1000 1669 1033 1719 et
1057 1651 1202 1743 copiosis
1227 1650 1477 1742 profluentibus

353 1763 574 1854 sanguinibus
587 1761 760 1827 hominum
771 1761 1036 1838 innumerorum,
1051 1757 1138 1821 inter
1155 1755 1347 1844 Philippum
1359 1779 1477 1844 regern

353 1881 386 1931 et
406 1891 521 1930 omnes
536 1865 695 1930 vassallos
717 1876 749 1929 et
771 1861 924 1928 subditos
940 1861 1114 1949 utriusque
1134 1858 1230 1949 regni
1252 1857 1323 1936 sui,
1346 1857 1478 1922 seilicet

353 1968 492 2035 Francie
512 1982 546 2032 et
562 1969 707 2033 Navarre
721 1967 744 2045 ¹,
767 1979 800 2030 et
829 1964 984 2030 comitem
1008 1961 1160 2028 Hanonie
1184 1959 1475 2049 prenominatum,

354 2083 386 2136 et
402 2096 517 2136 omnes
533 2069 621 2135 viros
635 2069 821 2134 industrios
837 2081 869 2132 et
884 2067 1077 2144 bellicosos,
1095 2090 1178 2154 quos
1195 2063 1303 2128 dictus
1323 2087 1381 2128 rex
1396 2087 1478 2128 con·

353 2176 477 2239 ducere
496 2173 546 2238 vel
575 2174 742 2238 attrahere
765 2171 828 2235 sibi
856 2171 981 2259 potuit,
1008 2169 1049 2233 de
1074 2168 1215 2232 diversis
1241 2166 1477 2242 comitatibus,

354 2275 530 2340 ducatibus
544 2288 577 2340 et
596 2274 724 2365 regnis,
742 2286 834 2338 extra
850 2272 915 2337 dno
930 2295 1037 2362 ¹regna
1056 2295 1131 2349 sua,
1153 2269 1263 2360 pretio
1283 2267 1334 2334 vel
1356 2291 1476 2357 prece,

353 2402 392 2443 ex
410 2392 503 2467 parte
521 2403 603 2455 nna;
628 2391 660 2441 et
683 2375 810 2465 prolem
831 2373 961 2439 comitis
980 2373 1067 2464 eapti
1088 2372 1253 2438 Gnidonis
1274 2384 1306 2436 et
1326 2395 1479 2438 commu-

353 2479 474 2546 nitates
489 2480 657 2561 Flandrie,
675 2493 741 2544 tarn
757 2477 946 2543 habitantes
961 2479 996 2543 in
1013 2476 1102 2543 villis
1118 2501 1216 2564 quarn
1234 2475 1427 2539 habitantes
1443 2472 1477 2536 in

353 2583 443 2674 agris
464 2583 515 2650 vel
535 2583 570 2648 in
585 2584 723 2671 campis,
746 2596 779 2647 et
795 2581 923 2670 aliquos
940 2581 1070 2646 nobiles
1089 2578 1330 2656 Zelandenses‚
1350 2601 1479 2666 paucos

354 2686 552 2776 respective,
572 2685 631 2774 qui
649 2685 689 2750 de
705 2699 794 2750 terra
815 2711 872 2751 sua
890 2684 1020 2773 expulsi
1041 2681 1182 2760 fuerant,
1199 2695 1234 2746 at
1250 2694 1364 2771 postea
1384 2693 1479 2768 pate-

354 2909 408 2958 s'ils
424 2927 455 2958 ne
473 2911 600 2958 sortaient
619 2927 676 2974 pas.
693 2911 768 2958 Alors
784 2926 818 2956 on
834 2909 952 2960 entendit
968 2910 999 2957 de
1014 2909 1113 2972 grands
1133 2908 1185 2956 cris
1203 2908 1235 2955 de
1254 2907 1373 2955 douleur.
1394 2907 1478 2954 Fina-

353 2974 450 3020 lement
468 2975 506 3021 les
526 2972 643 3036 assieges
661 2972 756 3020 durent
775 2987 802 3020 se
822 2972 925 3021 rendre.
946 2972 1140 3036 Quelques-nns
1161 2975 1253 3019 curent
1272 2970 1298 3018 la
1317 2970 1358 3018 vie
1383 2987 1478 3028 sauve,

352 3036 467 3084 d’autres
479 3053 496 3100 y
506 3035 646 3084 laiss‘erent
655 3035 713 3082 leur
725 3035 774 3084 vie.

386 3115 398 3145 a
414 3099 447 3146 Le
460 3099 589 3161 peuplese
602 3096 724 3160 repandit
736 3114 786 3160 par
796 3097 822 3144 ln
837 3097 907 3145 ville.
921 3097 960 3145 On
973 3095 1074 3144 courait
1084 3101 1117 3144 od
1129 3097 1181 3144 l'on
1195 3097 1281 3144 savait
1293 3097 1478 3145 demeurerun

354 3161 465 3269 gunpmi,
478 3176 548 3272 pou&
557 3159 594 3208 lui
606 3160 715 3269 inllitger¹
723 3159 754 3206 de
765 3159 865 3269 grtands
878 3165 1033 3269 tourperits,
1049 3163 1133 3236 meme
1146 3159 1167 3208 si
1181 3158 1298 3233 l'pd'ense
1310 3160 1375 3208 ttait
1386 3159 1478 3234 vieille

352 3239 512 3333 natta
526 3221 1478 3348 ,tttthgttttttttltattgtttttttttfftttttl‘tttt]

353 3348 497 3396 tremblant
509 3364 570 3396 sous
583 3347 672 3410 l'epde,
688 3362 715 3394 se
727 3347 834 3394 tondant
845 3348 883 3394 les
897 3346 991 3394 maios.

386 3411 468 3458 nPuis
482 3427 515 3457 on
528 3417 621 3457 courut
631 3410 722 3456 ouvrir
734 3410 765 3456 de
779 3412 848 3457 force
859 3411 886 3457 la
900 3409 991 3472 prison
999 3414 1025 3455 et
1034 3410 1059 3456 la
1072 3409 1196 3458 chambre
1209 3410 1291 3461 noire.
1306 3412 1354 3460 Les
1367 3412 1477 3476 prison·

353 3471 424 3520 aiere
438 3474 525 3520 iurent
536 3472 738 3544 elargianuelle
753 3488 802 3536 que
816 3474 855 3520 snt
869 3472 894 3520 la
907 3487 985 3520 cause
998 3471 1029 3518 de
1041 3473 1099 3520 leur
1112 3473 1361 3535 emprisonnement.
1376 3475 1477 3540 Depuis

353 3536 377 3583 le
414 3542 459 3582 ont
477 3535 512 3582 du
530 3535 621 3583 Comte
637 3535 760 3598 Jusqu'au
778 3536 848 3582 Haut
864 3535 927 3582 Port
943 3536 967 3582 le
983 3535 1077 3597 peuple
1096 3536 1203 3582 lormait
1219 3553 1269 3584 une
1287 3553 1374 3585 masse
1404 3554 1477 3586 sem-

353 3552 442 3645 blnble
454 3600 470 3645 d
482 3613 532 3644 une
543 3599 618 3671 foret,
630 3613 693 3670 avec
705 3597 743 3646 les
757 3601 833 3660 epees
847 3600 959 3645 acere'es.
974 3597 996 3644 ll
1007 3613 1034 3644 se
1049 3614 1148 3661 rangea
1161 3614 1207 3646 sur
1217 3599 1284 3646 deux
1296 3575 1387 3663 range:
1398 3608 1477 3649 entre

352 3661 469 3725 lesquels
479 3661 600 3708 devorent
610 3662 682 3723 perir
694 3676 758 3708 ceux
770 3659 815 3724 qui
826 3659 1010 3707 descendaient
1020 3659 1054 3707 du
1065 3661 1189 3716 chdteau;
1200 3661 1219 3709 il
1235 3662 1277 3724 n'y
1290 3662 1362 3710 avait
1371 3661 1398 3710 ni
1410 3663 1478 3711 haut

354 3723 379 3768 ni
393 3723 451 3779 bas,
463 3723 482 3770 il
493 3722 535 3784 n'y
545 3721 617 3769 avait
629 3722 655 3770 ni
669 3721 740 3770 riche
751 3723 776 3768 ni
790 3722 854 3770 haut
867 3724 942 3786 placd
957 3721 1002 3786 qni
1016 3738 1048 3769 ne
1061 3723 1108 3770 dut
1121 3723 1195 3772 subir
1209 3725 1247 3771 les
1263 3727 1385 3774 cruautes
1402 3725 1432 3774 dc
1448 3728 1477 3774 la

354 3785 436 3842 loule;
451 3791 476 3833 ct
490 3785 530 3832 s'il
543 3784 628 3832 e'ttait
640 3784 723 3833 rendu
735 3785 865 3848 coupable
880 3788 996 3848 nagu'ere
1011 3784 1042 3832 dc
1053 3786 1165 3850 quelque
1181 3787 1280 3844 melait,
1293 3787 1312 3834 il
1323 3788 1439 3836 recevait
1451 3791 1477 3836 le

353 3863 420 3911 coup
433 3848 536 3895 montel.
550 3848 696 3912 Escoutete,
706 3847 790 3904 builli,
801 3847 936 3910 seigneurs
947 3847 1044 3896 etaient
1053 3865 1084 3896 en
1097 3849 1197 3911 grande
1208 3849 1316 3898 erainte.
1330 3851 1365 3898 Le
1377 3853 1476 3914 peuple

353 3910 391 3957 les
406 3909 541 3983 regardait
553 3910 584 3957 de
595 3912 657 3973 pres
667 3924 673 3964 ;
685 3925 749 3957 ceux
759 3909 804 3973 qui
816 3910 921 3958 avaient
933 3912 986 3958 mal
1004 3910 1051 3957 fait
1063 3912 1161 3959 etaient
1176 3911 1331 3960 maltraite's.

385 3989 397 4020 a
413 3972 485 4020 Arnai
504 3973 713 4020 commencerent
722 3973 760 4020 les
777 3973 894 4020 troubles
912 3974 943 4022 de
961 3973 1045 4023 Gand.
1066 3990 1077 4020 u
1097 3973 1197 4040 Spiegel
1208 3973 1358 4031 historiam,
1370 3974 1415 4023 liv.
1429 3975 1475 4034 IV,

354 4033 432 4098 chap.
445 4039 468 4092 9,
481 4051 507 4144 p.
520 4037 608 4082 att-25
621 4035 653 4082 de
663 4034 722 4082 l’td.
738 4036 773 4083 Le
786 4035 867 4098 Long.

384 4098 406 4145 l.
425 4098 462 4145 La
504 4097 733 4145 avnrredemeura
753 4100 890 4160 etrangere
907 4101 922 4146 d
942 4104 1007 4146 cette
1027 4115 1132 4162 guerre.
1151 4099 1228 4147 husai
1248 4099 1307 4148 bien
1326 4105 1411 4147 est-ce
1423 4117 1475 4148 une

354 4174 445 4208 erreur
463 4159 598 4268 d'uppeler
617 4159 737 4223 Philippa
756 4159 780 4206 le
801 4159 859 4216 Bel,
873 4176 973 4209 comme
993 4178 1025 4208 on
1046 4162 1070 4208 le
1091 4161 1139 4208 lait
1157 4165 1363 4224 generalement,
1385 4163 1423 4210 roi
1442 4163 1474 4210 de

354 4222 454 4270 France
474 4229 499 4270 et
539 4239 552 4270 e
571 4223 696 4270 Navarre.
718 4223 752 4270 Sa
766 4224 872 4277 lemme.
886 4223 997 4280 decane,
1012 4223 1076 4272 etait
1088 4223 1158 4270 reine
1171 4224 1202 4271 de
1215 4225 1341 4287 Navarre,
1355 4231 1380 4272 et
1392 4241 1421 4272 ce
1434 4227 1474 4272 fut

354 4300 402 4331 eon
414 4285 457 4332 fils
470 4287 542 4340 alne,
560 4285 638 4333 Louls
650 4285 674 4332 le
687 4285 780 4343 flurin,
794 4285 839 4349 qui
854 4285 893 4333 lui
910 4286 1029 4334 succede.
1043 4285 1122 4334 Louis
1136 4287 1160 4334 le
1173 4287 1252 4335 llutin
1266 4288 1305 4335 lut
1317 4287 1341 4336 le
1358 4287 1474 4352 premier

353 4346 394 4396 roi
406 4349 450 4412 qui
464 4346 589 4396 s'intitula
602 4347 641 4396 roi
654 4348 686 4396 dc
698 4347 797 4396 Franco
809 4353 835 4396 et
847 4347 879 4396 de
891 4349 1015 4398 Navarre.
