3154 5190
343 441 373 486 76
722 439 872 492 ANNALES
889 438 1084 490 ulunensns
1401 440 1463 489 1³04

342 556 493 646 corporis
518 557 570 622 sui
591 555 731 637 occisis3
761 555 918 622 nesciens
939 557 1050 644 ipsum
1071 557 1158 621 inter
1177 555 1259 620 alios
1276 569 1461 645 prostratos

343 656 547 738 discernere,
565 683 604 724 eo
625 659 714 746 quod
730 657 888 726 custodes
902 658 1046 748 predicti
1066 657 1100 724 in
1118 658 1267 750 periculo
1286 657 1462 726 conflictus

342 784 401 850 pre
418 761 536 827 timore
555 760 804 850 supertunicale
820 786 916 826 suum
932 762 1103 842 bellicum,
1122 786 1181 828 suo
1202 761 1313 852 signo,
1332 761 1463 828 scilicet

342 863 502 941 liliorum,
528 865 732 944 decoratum,
762 888 803 931 ne
828 863 869 930 ab
894 865 1067 944 hostibus,
1089 865 1147 955 qui
1169 864 1330 942 libentius
1351 865 1462 953 ipsum

260 1014 264 1023 -
343 990 441 1055 quarn
462 967 607 1056 aliquem
622 966 722 1033 alium
739 966 954 1047 occidissent,
976 980 1224 1059 agnosceretur,
1244 969 1461 1057 obruperant.

344 1070 550 1136 Transeunte
570 1095 650 1161 ergo
673 1094 779 1138 cuneo
794 1070 852 1136 illo
873 1084 906 1136 et
923 1073 1038 1138 hostes
1056 1071 1220 1162 fugientes
1240 1069 1461 1160 insequente,

343 1173 427 1238 alius
457 1197 596 1251 cuneus,
636 1172 702 1239 cito
721 1187 809 1262 post,
842 1175 914 1265 regi
934 1187 1101 1263 prostratu
1126 1173 1330 1264 supervenit.
1364 1173 1464 1256 Quod

343 1274 494 1342 videntes
512 1277 615 1366 aliqui
640 1273 705 1341 sibi
730 1277 862 1356 fideles,
889 1277 947 1366 qui
968 1281 1062 1366 juxta
1083 1279 1193 1368 ipsum
1217 1276 1464 1367 aliquantulum

342 1393 481 1458 remote,
495 1392 606 1446 tamen
621 1393 781 1470 quantum
797 1394 952 1470 poterant
963 1381 1199 1470 propinquius,
1216 1393 1458 1458 remanserant,

344 1505 418 1546 curn
442 1482 591 1569 periculo
615 1483 666 1548 sui
687 1507 761 1548 eum
785 1507 885 1572 supra
904 1484 1110 1550 dextrarium
1128 1497 1162 1548 et
1180 1507 1303 1572 equum
1322 1479 1463 1547 fortissi-

344 1609 433 1650 mum
448 1583 599 1650 maximis
616 1584 756 1664 viribus,
780 1625 824 1636 -·
837 1599 907 1652 erat
924 1587 1013 1652 enim
1028 1586 1238 1674 ponderosus
1263 1598 1296 1651 et
1317 1597 1464 1652 armatus

343 1688 481 1774 optime,
503 1727 547 1738 --
562 1688 745 1768 elevarunt,
768 1701 945 1779 antequam
969 1713 986 1753 a
1006 1689 1263 1777 superveniente
1281 1711 1388 1754 cuneo
1410 1688 1464 1754 vel

343 1790 565 1869 occideretur,
582 1791 633 1856 vel
648 1791 791 1856 transitu
811 1792 934 1878 pedum
953 1792 1218 1858 conculcaretur.
1240 1793 1312 1858 Rex
1333 1804 1462 1869 autem,

343 1895 567 1982 prostratione
599 1907 631 1958 et
661 1895 846 1961 infortunio
871 1919 930 1960 suo
959 1893 1106 1960 totaliter
1132 1894 1307 1974 attonitus,
1339 1918 1463 1983 equum

344 2019 439 2060 suum
459 1996 646 2086 gubernare
668 2020 735 2061 non
758 1995 885 2084 potuit,
913 1995 1000 2062 unde
1025 2020 1041 2062 a
1067 1996 1213 2084 quodum
1232 1995 1339 2062 milite
1363 1997 1465 2062 Flan·

344 2098 458 2164 drensi
478 2097 557 2188 agili
579 2111 613 2164 et
635 2099 711 2164 lorti
739 2098 781 2164 de
803 2099 895 2165 dicto
918 2123 1024 2166 erineo
1045 2123 1146 2190 super
1165 2101 1274 2188 ipsum
1296 2098 1464 2178 irruente,

344 2202 429 2268 fuste
454 2201 640 2289 prevalida,
671 2202 704 2266 in
739 2201 897 2268 anteriori
924 2217 1019 2290 parte
1044 2203 1165 2268 ferrum
1187 2202 1406 2268 fortissimum
1434 2217 1465 2266 et

344 2316 476 2368 acutum
504 2304 667 2369 habentes
685 2328 806 2393 -qua
832 2305 917 2371 suste
942 2306 1095 2371 homiues
1125 2319 1158 2370 et
1182 2307 1260 2394 equi
1285 2304 1462 2372 durissime

344 2406 435 2470 seriri
448 2420 591 2493 possunt
604 2406 646 2472 ab
666 2407 859 2472 homiuibus
874 2407 1016 2473 fortibus
1029 2421 1063 2474 et
1076 2408 1207 2496 perfodi
1224 2432 1289 2472 uuo
1305 2409 1370 2472 ictu
1384 2408 1407 2486 ¹,
1420 2445 1462 2458 -
1563 2469 1564 2472 ,

343 2531 418 2573 cum
439 2533 526 2596 equo
546 2533 606 2574 suo
630 2533 810 2598 percussus
829 2524 861 2575 et
877 2511 1023 2600 graviter
1041 2511 1143 2591 lesus,
1163 2535 1250 2600 equo
1271 2535 1331 2576 suo
1354 2510 1462 2576 fortis·
1563 2541 1564 2552 ²

344 2608 428 2674 simo
448 2623 482 2674 et
497 2610 589 2698 agili,
607 2611 724 2676 dolore
739 2613 825 2677 ictus
842 2610 986 2700 predicti
1005 2613 1186 2691 stimulato,
1207 2613 1310 2680 saltus
1325 2635 1463 2702 magnos

344 2712 501 2792 faciente,
530 2726 563 2778 et
590 2713 750 2779 velociter
777 2739 892 2781 versus
920 2715 1051 2804 equites
1080 2715 1242 2805 quosdam
1273 2714 1374 2805 regis,
1406 2715 1464 2804 qui

343 2815 452 2904 ipsum
470 2817 585 2903 juvare
613 2840 680 2882 non
708 2816 889 2895 audebant,
915 2818 974 2882 sed
1006 2817 1248 2906 aliquantulum
1276 2833 1402 2884 remote
1428 2842 1463 2882 se
1563 2817 1564 2820 ’

342 2930 507 2998 tenentes,
526 2920 649 2984 exitum
664 2920 712 2985 rei
723 2920 972 3008 exspectabant,
987 2919 1058 2984 sine
1069 2921 1298 3010 gubernaculo
1313 2934 1346 2986 et
1357 2919 1463 2987 direc-

342 3020 434 3086 tione
459 3043 496 3086 uo
522 3021 678 3088 celeriter
703 3045 867 3111 prospero
896 3047 973 3090 casu
1004 3037 1171 3102 currente,
1200 3023 1315 3090 hostes
1344 3023 1460 3090 evasit.
1563 3065 1564 3074 κ

344 3124 469 3188 Omnes
492 3136 601 3190 autem
625 3122 742 3190 fideles
768 3123 832 3202 sui,
855 3124 912 3212 qui
936 3124 978 3188 de
1001 3125 1096 3213 equis
1117 3125 1184 3190 suis
1202 3124 1461 3202 descendentes,
1563 3213 1564 3216 Ἴ

343 3224 453 3312 ipsum
473 3250 574 3314 super
592 3249 713 3314 equum
732 3249 827 3292 suum
845 3227 1024 3307 elevarant,
1038 3251 1104 3293 nou
1122 3227 1270 3293 valentes
1287 3228 1366 3292 satis
1382 3241 1461 3294 tem·
1563 3225 1564 3244 ¹

343 3327 469 3416 pestive
489 3353 566 3394 suos
586 3353 691 3418 equos
712 3329 907 3408 ascendere,
930 3353 996 3396 uno
1015 3329 1067 3394 vel
1084 3329 1216 3396 duobus
1234 3330 1400 3418 exceptis,
1422 3332 1463 3396 ab
1563 3359 1564 3408 γ

343 3431 496 3496 hostibus
522 3445 599 3496 sunt
614 3432 726 3498 statim
743 3431 777 3496 in
797 3432 915 3498 eodem
935 3431 1008 3497 loco
1026 3432 1236 3520 interempti,
1258 3447 1464 3523 quapropter
1563 3419 1564 3458 l

343 3533 431 3598 eirca
452 3533 538 3598 filios
554 3559 670 3600 eorum
693 3558 751 3600 rex
773 3533 899 3601 dicitur
918 3534 1174 3602 liberalissimus
1193 3536 1374 3604 exstitisse.
1392 3539 1465 3604 Rex

343 3635 455 3724 itaque
470 3661 596 3702 summa
611 3661 685 3702 cum
698 3638 864 3727 angustia,
882 3650 992 3704 tamen
1007 3638 1136 3704 favente
1156 3637 1221 3704 sibi
1236 3641 1308 3704 Deo
1318 3677 1362 3690 --
1375 3638 1462 3704 dioe-

343 3739 441 3804 batur
460 3740 549 3804 enim
567 3738 737 3827 piissimus
754 3753 787 3804 et
805 3738 1071 3810 modestissimus
1086 3741 1199 3821 homo,
1217 3743 1365 3829 quamvis
1386 3765 1462 3806 oon-

344 3840 460 3906 siliarii
483 3841 534 3906 sui
560 3865 634 3906 eum
661 3842 702 3906 ad
723 3841 844 3908 multus
863 3867 1002 3932 guerras
1020 3842 1243 3922 adduxerunt,
1263 3883 1308 3896 -
1327 3844 1368 3910 ad
1385 3869 1462 3910 suos

343 3942 536 4022 deveniens,
552 3944 629 4010 licet
648 3943 846 4010 invitissime
863 3945 1003 4035 lugeret,
1026 3947 1194 4011 tamenab
1214 3947 1262 4011 eis
1283 3945 1398 4037 fugere
1412 3960 1463 4012 est

344 4045 536 4136 compulsus
554 4059 588 4111 et
612 4059 758 4112 coactus.
786 4047 862 4113 Fuit
881 4061 989 4114 autem
1007 4051 1099 4138 juxta
1122 4071 1234 4137 regern
1251 4062 1332 4116 tuno
1349 4050 1462 4115 valen-

374 4298 397 4347 l.
417 4295 485 4347 (lest
497 4298 521 4348 le
535 4300 638 4348 tameux
648 4299 806 4371 goedendag.
