3178 5192
120 480 181 527 1297
502 479 652 528 ANNXLES
670 479 864 530 GANDENSES
1063 521 1067 530 ,
1226 485 1241 529 3

119 593 442 684 LucemburgensiS,
484 593 723 659 marchionissa
763 593 981 661 Numurcensi
1021 621 1028 662 :
1071 597 1261 662 lohannes

118 698 370 776 Namurcensis,
386 697 510 775 Gnido,
529 697 705 776 Henricns,
724 711 803 762 tune
818 698 931 787 pueri;
953 697 1020 764 filie
1043 723 1049 763 :
1071 697 1241 764 comitissa

119 799 335 878 Ghelrensis,
356 824 421 888 qne
441 800 609 887 qnondam
626 799 742 864 hebuit
758 801 917 866 heredem
936 801 1064 880 Seotie,
1084 815 1117 866 et
1138 801 1242 866 corni·

117 901 200 966 tissa
215 903 399 978 blesensis,
414 915 448 966 et
461 902 638 967 domicella
651 901 820 991 Philippo,
839 929 961 992 sponsu
978 903 1195 993 primogeniti
1210 917 1243 968 et

118 1004 287 1094 unigeniti
307 1003 366 1069 filii
382 1005 557 1084 Edwardi,
576 1005 667 1096 regis
682 1005 821 1096 Anglie,
840 1017 873 1072 et
890 1005 1030 1070 lsabello
1050 1006 1238 1094 juvenculo.

622 1244 750 1312 1297.

166 1424 263 1488 Anno
283 1422 415 1487 Domini
436 1423 718 1500 .M.CC.XCVll.,
737 1423 865 1512 incepit
883 1424 993 1513 gravis
1015 1449 1136 1514 guerro
1154 1377 1243 1489 inter

120 1550 236 1615 regem
249 1524 442 1614 Philippum
455 1525 642 1612 predictum
658 1538 691 1589 et
706 1525 860 1590 comitem
878 1527 1029 1592 Hauonie
1044 1529 1241 1605 Johnnnem,

121 1627 226 1691 filium
252 1629 364 1692 srotris
386 1627 564 1706 Gnidonis,
594 1628 725 1692 comitis
747 1627 916 1706 Flondrie,
940 1653 980 1692 ex
1001 1643 1095 1717 parte
1114 1628 1241 1709 matris,

121 1754 189 1794 non
208 1729 324 1818 patris,
343 1755 383 1793 ex
399 1753 461 1793 une
479 1741 584 1817 parte,
599 1742 632 1794 et
647 1728 849 1808 Guitlonem,
868 1729 1056 1819 predictum
1072 1731 1241 1810 comitem,

122 1845 156 1896 et
173 1857 285 1918 regem
301 1831 456 1922 nngtiet,
479 1855 553 1896 curn
570 1855 609 1895 eo
625 1831 890 1909 consederatum,
908 1845 942 1896 et
959 1820 1244 1898 ducem'Brabnn-
1298 1891 1301 1898 .

119 1935 167 1998 tie
184 1935 380 2012 Johonnem,
399 1933 502 1999 filium
521 1933 587 1998 filie
603 1933 746 2021 predicti
766 1933 931 1998 Gnidonis
946 1973 990 1984 -
1005 1935 1062 2021 qui
1076 1936 1244 2000 Johonnes

121 2036 219 2100 duxit
233 2035 267 2099 in
284 2059 419 2102 uxorem
436 2049 515 2099 tune
534 2034 633 2099 lilium
651 2034 741 2125 regis
757 2035 878 2124 Anglie
891 2075 935 2086 -
950 2050 983 2100 et
999 2036 1120 2102 multos
1140 2038 1246 2102 comi-

121 2150 173 2201 tes
203 2151 237 2202 et
263 2137 391 2202 nobiles
420 2137 630 2214 Alemannis,
657 2161 719 2223 per
746 2137 922 2225 pecuniam
952 2139 1170 2218 conductost,
1206 2163 1246 2204 ex

122 2241 239 2306 ultera.
277 2243 358 2306 Nom
394 2239 482 2306 circs
508 2240 609 2304 linem
638 2238 726 2304 Junii
753 2239 843 2303 venit
871 2264 928 2305 rex
962 2241 1138 2330 Philippus
1170 2267 1245 2306 eum

124 2344 266 2408 maximo
283 2355 444 2430 apparatu
456 2354 489 2405 et
500 2341 660 2418 exercitu,
677 2355 711 2406 et
726 2341 862 2406 obsedit
875 2341 985 2406 villmn
1003 2343 1210 2408 insulensem
1220 2347 1244 2424 3,

125 2446 158 2509 in
177 2471 241 2534 qun
260 2457 331 2510 erut
349 2445 530 2522 Robertus,
553 2443 795 2534 primogenitus
817 2443 948 2509 comitis
971 2445 1149 2522 Gnidonis,
1172 2471 1247 2511 eum

125 2549 240 2612 multis
264 2546 457 2612 Alemannis
478 2547 661 2623 nobilibus,
690 2546 884 2633 specialiter
905 2547 1042 2612 domino
1066 2548 1107 2612 de
1131 2548 1247 2614 Falco·

124 2653 327 2722 nis-Monte,
358 2649 561 2738 probissimo
590 2647 694 2712 milite
722 2662 754 2713 et
779 2649 932 2737 plurimis
956 2651 1117 2715 militibus
1147 2652 1246 2718 etiam

122 2755 147 2817 F
151 2752 293 2816 londrie.
311 2751 514 2820 Wilbelmus
529 2762 638 2815 eutem
658 2750 942 2838 secundogenitus
960 2754 1068 2817 tenuit
1083 2756 1246 2821 Dnocum.

124 2859 233 2938 Quom
254 2854 381 2932 villam,
405 2853 534 2918 scilieet
555 2853 782 2931 Immensum,
806 2877 862 2916 rex
882 2853 1028 2918 obtinuit
1049 2879 1122 2919 eum
1145 2857 1247 2924 molto

124 2958 240 3024 labore
263 2971 296 3020 et
320 2956 477 3046 expensis
498 2969 531 3020 et
555 2954 735 3019 omissione
760 2953 935 3018 multorum
964 2969 997 3020 et
1024 2955 1246 3038 detrimento,

124 3060 215 3125 circa
230 3058 433 3148 principium
451 3057 574 3122 mensis
594 3057 826 3146 Septembrisl
841 3083 848 3135 ;
866 3069 899 3121 et
916 3059 981 3122 hoe
998 3083 1057 3146 per
1072 3059 1248 3127 infidelita-

156 3284 180 3330 l.
202 3282 323 3330 Edouord
337 3283 357 3329 Ι.

158 3348 181 3392 2.
200 3346 271 3392 Nous
285 3344 377 3400 lisons,
396 3360 429 3391 nu
447 3342 515 3405 sujet
530 3344 619 3391 doces
635 3343 776 3397 nllionees,
791 3342 856 3390 duns
873 3359 907 3390 un
920 3343 1060 3392 document
1076 3350 1202 3394 conserve'
1216 3365 1250 3395 ou

125 3409 225 3456 Tri-sor·
242 3407 288 3456 des
305 3406 415 3454 Chortes
433 3411 459 3454 et
475 3405 565 3468 redige
581 3421 641 3453 vers
660 3406 815 3453 trustem:
835 3422 848 3451 o
867 3407 905 3453 En
921 3406 976 3453 cele
993 3406 1102 3455 meisms
1119 3412 1201 3457 onnes
1218 3410 1250 3458 de

124 3469 179 3520 l'an
197 3469 276 3518 1111xx
295 3469 346 3524 XV,
360 3469 379 3516 li
397 3485 444 3531 roy
462 3468 654 3531 d’Englsterre,
673 3484 723 3530 por
741 3469 811 3515 force
828 3467 859 3514 de
877 3475 956 3531 grant
989 3469 1088 3517 nuntitc
1105 3470 1250 3520 d’estellins

126 3532 192 3606 qujil
210 3531 303 3579 enroio
320 3548 369 3595 por
386 3530 450 3591 depo
463 3531 490 3577 ln
505 3546 574 3587 mer,
593 3530 615 3577 si
634 3545 707 3577 corne
724 3530 773 3577 l'en
790 3529 884 3587 discit,
900 3531 945 3578 list
961 3485 1086 3580 ollionces
1104 3550 1120 3580 n
1136 3540 1195 3581 touz
1212 3537 1250 3583 les

126 3611 233 3660 princes
247 3601 272 3641 et
283 3593 515 3702 borous‘pu'ilnpot
524 3599 640 3649 trouver,
653 3592 698 3664 qni
713 3608 729 3654 y
742 3592 892 3640 sensissent
905 3594 1038 3652 entendre,
1052 3601 1110 3643 tent
1122 3603 1215 3645 eotour
1226 3598 1251 3647 le

127 3673 244 3768 rppprpe,
259 3655 374 3766 lzsquiez
405 3661 509 3703 evolent
518 3662 619 3764 toozdzn
632 3654 869 3765 upujoperp‘pspilgp
876 3655 901 3764 lg
914 3671 1021 3766 rpynrpe
1034 3657 1163 3706 detentos
1176 3677 1249 3723 pers,

127 3739 141 3769 e
167 3737 175 3768 1
216 3735 274 3768 ever
298 3735 326 3766 ee
348 3735 396 3765 our
428 3733 502 3766 osser
533 3734 563 3765 ur
607 3734 637 3774 eo
681 3735 693 3764 s
810 3734 825 3763 u
900 3734 931 3765 ev
949 3735 975 3765 rs
1001 3735 1093 3768 umor.

161 3801 173 3830 o
191 3783 239 3830 Les
253 3735 345 3828 dessui
361 3735 488 3828 dizislliez
503 3735 590 3826 lirent
603 3768 622 3826 li
635 3796 682 3842 roy
695 3734 875 3842 d'Xlsrimigne
889 3786 913 3828 et
924 3797 971 3827 son
986 3783 1067 3838 frere,
1080 3789 1106 3830 et
1116 3785 1251 3848 plusieurs

127 3847 228 3894 boreus
243 3844 363 3892 d'entour
375 3842 412 3891 lui
425 3843 457 3890 de
469 3843 522 3890 cele
536 3842 703 3904 Alomoigne,
717 3841 736 3889 li
752 3841 845 3889 duodo
859 3842 985 3900 Brnbont,
1000 3860 1015 3891 n
1028 3843 1073 3908 qni
1090 3845 1109 3892 il
1121 3845 1209 3895 donno
1223 3863 1251 3896 so

127 3909 183 3956 fille
197 3923 264 3970 pour
277 3923 323 3954 son
337 3907 388 3964 fils,
403 3905 422 3952 li
435 3911 508 3952 conte
521 3905 553 3951 de
567 3904 674 3959 Juliers,
691 3904 710 3951 li
724 3911 799 3951 conte
811 3904 842 3952 de
858 3904 918 3962 Bor,
930 3905 976 3968 qui
990 3911 1017 3952 ot
1029 3908 1102 3955 oussi
1116 3925 1145 3956 so
1158 3911 1220 3968 lille,
1233 3909 1252 3958 li

128 3977 205 4018 conte
224 3969 256 4016 de
276 3969 382 4028 Snvoie,
407 3985 455 4015 son
476 3966 582 4022 cousin,
601 3965 621 4014 li
640 3973 715 4014 conte
735 3967 766 4013 de
789 3968 891 4023 Ferret,
914 3969 1100 4031 monseigneur
1119 3973 1202 4020 Jehnn
1220 3973 1252 4021 de

129 4033 231 4080 Cholon
251 4037 275 4078 et
291 4031 425 4104 plusieurs
441 4037 529 4077 notros
549 4028 642 4075 devers
658 4028 784 4091 l’empire.
799 4031 831 4076 Et
846 4029 938 4077 trotoit
955 4030 986 4077 de
1002 4031 1095 4080 l'ootre
1114 4035 1199 4097 portis
1219 4052 1253 4083 ou

129 4111 178 4157 roy
190 4095 348 4156 d'Esporgne
364 4100 389 4141 et
401 4109 434 4140 ou
445 4092 485 4140 roi
498 4092 643 4154 d’Xrngon,
656 4097 682 4139 et
694 4098 782 4138 autres
794 4107 843 4154 per
855 4091 923 4140 delo.
937 4109 950 4138 ιι
964 4093 1039 4141 Publ.
1054 4094 1120 4143 dans
1132 4097 1158 4144 le
1171 4101 1253 4146 Revur

129 4155 278 4220 tristemque,
296 4156 393 4204 XXXIV
404 4155 494 4216 (1889),
506 4155 603 4201 329-30.

159 4224 184 4267 3.
203 4220 237 4266 Le
250 4219 321 4282 sitge
334 4218 365 4268 de
378 4217 441 4266 Lille
451 4231 601 4277 commenpo
610 4215 634 4263 le
645 4217 674 4262 23
684 4214 742 4278 juin
756 4215 825 4272 1297,
837 4223 905 4263 cont.
915 4217 1023 4280 Nongis,
1034 4219 1074 4268 ed.
1084 4224 1114 4269 D.
1126 4225 1251 4286 Bonquet,

129 4283 180 4338 XX,
193 4284 249 4337 579,
262 4295 288 4329 u.

160 4347 183 4393 4.
203 4340 770 4405 Lilleouvritsssporteslsl·‘sept.1297,
783 4340 843 4404 jour
861 4345 893 4388 on
908 4342 970 4390 Rob.
986 4343 1018 4391 de
1035 4343 1152 4394 Bsthune
1168 4345 1253 4412 quitto
