3154 5190
325 459 355 508 m
704 459 853 508 Anninus
870 459 1065 508 utnnnnsus
1385 455 1449 502 1303
1550 463 1551 496 i

1550 533 1551 558 i

325 589 466 666 gn‘antes
485 576 584 641 etiam
611 577 749 642 maximo
765 575 889 640 'damna
912 588 999 640 terre
1017 574 1226 639 Hancniensi
1244 573 1446 637 intulerunt.

326 681 443 743 Comes
462 692 570 744 autem
596 680 747 743 Hancnio
768 703 840 743 com
856 678 1011 745 omnibus
1031 678 1193 742 sorvis-
1212 689 1281 740 tum
1303 675 1451 738 habebat

325 781 408 846 duos
431 783 619 860 comitatus,
643 781 771 846 scilicet
796 782 1041 846 Hanonieusem
1058 793 1090 844 et
1109 779 1451 844 Holtandensem1-

326 898 359 948 et
376 884 475 948 etiam
499 907 571 949 cum
599 883 720 948 auxilio
745 883 943 949 et-consilio
962 887 1184 958 Francorum,
1209 879 1402 969 Flamingos
1432 901 1449 940 a

327 988 464 1052 Lessino
489 987 625 1076 abigere
654 986 704 1050 vol
733 1011 807 1051 curn
837 979 885 1050 eis
916 986 1039 1051 bellum
1071 985 1280 1050 committere
1305 1007 1371 1047 nun
1399 994 1451 1044 est

328 1113 438 1154 ausus.

373 1190 469 1256 Circa
507 1191 659 1256 medium·
684 1192 814 1266 Martii,
850 1191 1052 1259 Wilhclmus
1074 1189 1279 1258 *Juliacensis
1311 1209 1453 1275 congre-

327 1293 416 1381 gavit
433 1293 624 1358 'maximum
653 1295 837 1358 exercitum
865 1292 906 1356 dc
930 1291 1007 1356 villa
1038 1304 1072 1356 et
1094 1289 1264 1356 territo-rio
1289 1288 1450 1378 Yprensi,

328 1395 504 1474 Furncnsi,
537 1396 712 1486 Bergeusi‚
749 1396 952 1468 Casletensi‚
983 1409 1019 1459 ut
1049 1393 1229 1470 solidariis,
1262 1391 1320 1480 qui
1350 1415 1385 1454 se
1416 1389 1450 1454 in

329 1498 661 1563 Sancto-Andomaro
680 1500 851 1576 tenebant,
875 1512 907 1562 et
930 1496 995 1585 ipsi
1018 1497 1097 1560 ville
1119 1493 1456 1568 Sancti-Audomori‚.

328 1599 368 1663 de
391 1600 522 1665 damnis
547 1614 580 1665 et
607 1599 830 1680 nocumentis,
857 1615 946 1664 terre
973 1599 1171 1664 Flnndrensi
1199 1621 1314 1661 vorsus
1338 1595 1451 1660 Caslc-

327 1717 397 1768 tum
413 1704 454 1767 ab
470 1703 552 1790 ipsis
570 1703 689 1782 illatis,
708 1704 736 1768 si
752 1703 892 1781 voleret,
913 1702 1071 1767 redderet
1085 1701 1187 1766 vices.
1208 1699 1402 1766 Insulenses
1420 1712 1452 1760 et

329 1808 520 1869 Duocenses
542 1819 609 1870 tota
635 1805 744 1870 hieme
772 1807 851 1869 satis
881 1805 1069 1869 habuerunt
1093 1803 1134 1867 de
1159 1826 1261 1866 onere
1279 1801 1313 1865 in
1333 1799 1452 1864 delen·

328 1907 440 1972 dendo
461 1931 496 1972 se
511 1922 544 1972 et
560 1909 727 1972 territoria
748 1932 805 1971 sua
826 1920 941 1973 contra
958 1905 1136 1971 solidarios
1154 1905 1246 1995 regis
1266 1903 1300 1968 in
1321 1902 1452 1968 Lendio

329 2023 364 2074 et
377 2011 563 2075 Attrebato.

375 2113 430 2176 Sic
459 2111 620 2202 disposito
646 2126 733 2177 terra
754 2113 923 2190 Flundrie‚
951 2135 1060 2176 onnus
1086 2112 1148 2176 iste
1174 2109 1452 2200 sanguinolentus

331 2227 363 2278 et
384 2214 486 2278 multe
507 2214 715 2279 crudelitatis
734 2216 945 2279 terminatur.
1045 2263 1048 2268 .

832 2459 957 2526 1303.

373 2649 471 2714 Anno
505 2653 639 2716 Domini
669 2653 904 2731 .M.CCC.lll.,
940 2651 1025 2714 circo
1065 2648 1269 2738 principium
1290 2647 1451 2736 Aprilis,

330 2754 498 2818 lohannes
517 2767 550 2818 et
565 2755 674 2819 Guido
691 2779 764 2819 cum
781 2753 893 2818 multis
910 2753 1102 2817 vulneribus
1120 2776 1253 2816 suorum
1275 2763 1308 2814 et
1324 2751 1455 2838 aliquo-

332 2879 403 2920 rum
418 2857 593 2935 mortibus,
612 2859 771 2922 atrociter
789 2855 876 2920 enim
897 2854 1061 2945 Flamingi
1084 2879 1158 2919 cum
1176 2851 1339 2917 machinis
1354 2851 1454 2916 belli-

332 2958 381 3022 cis
399 2972 432 3023 et
449 2958 662 3044 jornalibus2
686 2959 867 3024 insultibus
889 2957 1000 3021 villam
1024 2955 1254 3022 Lessincnsem
1280 2954 1456 3046 impugna·

332 3078 459 3137 verant,
486 3059 660 3150 ipsamque
680 3074 794 3125 contra
823 3059 1015 3148 opinionem
1040 3059 1187 3123 omnium
1208 3057 1355 3122 hostium
1377 3081 1455 3122 suo-

333 3186 406 3228 rum
422 3163 660 3242 obtinuerunt,
683 3161 774 3228 obire
792 3161 964 3252 permissis
985 3185 1059 3225 cum
1080 3161 1180 3225 armis
1200 3159 1268 3224 suis
1284 3158 1456 3224 Allemon-

334 3266 402 3343 nis,
431 3265 600 3330 bellicosis
628 3265 833 3343 bominibus,
856 3289 940 3354 quos
965 3287 1078 3346 comes
1101 3266 1133 3328 in
1160 3288 1196 3330 ea
1223 3274 1398 3351 posuerat3
1423 3275 1457 3326 et

334 3391 430 3454 quarn
456 3367 646 3433 virilissime
673 3368 904 3442 defenderant,
931 3367 1042 3430 multis
1072 3389 1111 3429 ex
1140 3367 1187 3429 eis
1215 3366 1395 3429 vulneratis
1424 3377 1456 3427 et

334 3469 502 3557 aliquibus
523 3471 673 3536 mortuis.
696 3471 770 3536 Non
795 3469 883 3536 enim
905 3494 976 3536 earn
1002 3468 1127 3535 diutius
1143 3480 1299 3556 poterant
1320 3481 1453 3543 tenere,

335 3572 429 3635 nullo
444 3574 491 3636 cis
508 3573 664 3638 auxilium
677 3575 850 3662 prebente.
866 3571 990 3636 Domus
1008 3583 1115 3639 autern
1142 3593 1259 3636 omncs
1278 3569 1344 3634 lere
1367 3569 1456 3645 dicte

335 3674 411 3738 ville
429 3698 502 3738 cum
521 3675 620 3739 tectis
641 3675 781 3740 turrium
807 3688 839 3738 et
859 3687 1028 3762 portarurn
1060 3685 1270 3738 concremate
1300 3684 1397 3747 sunt,
1425 3684 1457 3734 et

336 3778 444 3842 omnia
464 3779 548 3842 bona
565 3776 720 3866 predata,
739 3790 835 3864 porte
852 3775 952 3840 etiam
967 3790 1000 3841 et
1021 3790 1130 3841 turres
1149 3789 1181 3839 et
1203 3773 1287 3840 muri
1306 3775 1350 3838 ito
1376 3797 1457 3838 con·

351 4033 352 4038 ,
367 3999 390 4046 1.
408 3998 472 4046 Jeon
486 4000 510 4046 Il
520 3999 670 4061 d'rlvesncs,
684 4006 768 4046 comte
779 3998 810 4046 de
821 4000 943 4054 Huinout,
956 4000 1027 4047 uruit
1040 3998 1122 4045 ttrite
1134 4014 1165 4045 en
1176 3999 1246 4052 1299,
1260 3999 1337 4060 apres
1351 3997 1376 4044 lo
1389 4003 1459 4044 mort

337 4060 376 4120 (m
387 4062 460 4126 nov.)
473 4060 505 4108 de
517 4063 582 4109 qun
595 4063 615 4116 Ι,
628 4063 662 4110 du
675 4065 759 4109 emme
772 4061 803 4108 dc
818 4061 954 4110 llollundo.
966 4063 1017 4109 Por
1028 4077 1057 4108 so
1071 4063 1141 4108 mere
1154 4061 1219 4119 trix,
1232 4060 1249 4106 il
1261 4059 1456 4124 etaitpetit-fils

337 4123 369 4170 de
384 4123 487 4172 Floreut
499 4124 540 4180 lV,
555 4132 639 4172 comte
652 4125 683 4172 de
694 4124 829 4180 llollondc,
845 4125 906 4186 pore
919 4125 950 4171 de
962 4123 1110 4172 Guilluume
1123 4123 1156 4170 ΙΙ.

368 4187 391 4233 2.
410 4186 479 4234 L’ed.
493 4186 524 4233 do
540 4188 693 4250 llambourg
725 4193 781 4234 orte
795 4203 807 4233 o
821 4185 969 4234 tornolibus
983 4203 1005 4243 u,
1019 4187 1042 4233 le
1058 4202 1106 4233 nm.
1126 4185 1157 4231 de
1174 4184 1248 4232 Gond
1263 4183 1343 4231 luisse
1356 4183 1380 4230 lo
1396 4199 1457 4246 pre·

338 4248 418 4359 mitio
430 4249 514 4312 portic
527 4250 562 4298 du
580 4257 634 4297 mot
646 4266 677 4298 en
691 4203 776 4297 blanc.
793 4249 862 4296 Nous
881 4247 1012 4313 adoptons
1026 4249 1052 4296 la
1064 4248 1168 4296 version
1182 4250 1311 4310 proposito
1325 4261 1375 4310 por
1388 4247 1459 4310 Lup-

338 4327 387 4375 pen
408 4328 462 4375 erg.
1245 4341 1248 4351 ·
