3178 5192
119 431 188 478 1298
508 429 657 476 ANNALES
676 429 870 478 GANDENSES
1235 432 1250 476 9

119 571 198 610 seru
220 545 347 635 nragnis
369 546 501 610 lassatis
522 559 554 610 et
576 558 665 610 terre
686 547 866 636 aggeribus
889 560 921 610 et
942 545 1048 634 portis
1069 545 1186 613 firmis.
1208 549 1250 609 Et

119 673 240 713 comes
261 649 338 712 fecit
359 649 457 712 etiam
479 648 550 712 fieri
571 649 680 736 aliqua
698 649 819 713 fossata
834 661 875 712 *et
893 649 1095 713 munitiones
1119 661 1152 712 et
1172 672 1250 736 por-

119 765 175 814 tas
201 750 234 814 in
261 753 341 815 Dam
366 764 399 814 et
423 750 643 840 Ardenbnrg‚
674 751 809 828 Gauda,
837 750 1048 828 Aldennrdo,
1075 754 1188 816 Donza
1218 763 1251 812 et

119 854 273 917 Casleto.
310 855 417 940 Majus
452 855 609 918 motivum
648 877 768 943 guerre
798 854 949 941 predicte
988 867 1020 917 et
1056 855 1250 942 magnorum

121 952 290 1016 malorum
317 952 594 1039 subsequentium
623 953 688 1016 hoc
716 965 816 1015 crat:
849 975 959 1015 comes
996 950 1126 1032 Guido,
1163 952 1250 1014 cirea

119 1053 328 1143 principium
351 1053 446 1131 anni,
469 1053 502 1118 in
524 1078 625 1142 quoa
649 1077 727 1142 rege
748 1057 950 1119 Francorum
970 1053 1125 1131 recessit,
1148 1052 1249 1117 filiam

121 1181 218 1220 suam
247 1155 437 1244 Philipparn
465 1156 727 1244 desponsaverat
755 1155 930 1247 unigenito
956 1155 1128 1233 Edvvardi,
1161 1155 1250 1244 regis

119 1259 261 1349 Anglie,
282 1282 356 1323 cum
375 1281 453 1347 rege
470 1261 673 1323 Francorum
694 1257 939 1336 discordantis;
962 1259 1052 1347 qnod
1072 1283 1130 1322 rex
1146 1262 1250 1323 Fran-

121 1386 242 1427 corum
262 1361 467 1452 intelligens‚
490 1361 638 1449 pessimo
657 1360 798 1425 oonsilio
820 1360 1076 1426 camerariorum
1101 1387 1248 1440 suorum,

122 1463 296 1528 mandavit
315 1462 429 1527 comiti
448 1464 598 1528 Guidoni
619 1477 651 1528 et
668 1463 763 1528 uxori
786 1488 856 1542 sue,
877 1462 968 1551 quod
989 1463 1031 1528 ad
1052 1488 1087 1528 se
1102 1464 1250 1528 Parisios

122 1563 292 1630 venirent.
318 1565 369 1629 Ad
395 1589 494 1653 quem
518 1590 592 1631 cum
613 1567 802 1642 venisseut,
829 1565 1047 1654 interrogavit
1067 1590 1124 1630 rex
1148 1567 1251 1630 comi·

121 1681 211 1746 tem,
244 1691 346 1755 quare
376 1667 448 1732 sine
474 1667 609 1732 licentia
636 1693 693 1732 sua
721 1667 823 1732 filiam
848 1691 941 1732 suam
970 1667 1040 1746 filio
1063 1668 1170 1732 hostis
1200 1667 1250 1731 sui

123 1769 380 1857 desponsasset,
403 1782 436 1833 et
456 1783 566 1834 utrum
589 1770 711 1861 Anglie
733 1771 802 1859 regi
827 1769 932 1858 magis
955 1793 1053 1857 quam
1077 1769 1140 1834 sibi
1170 1769 1248 1834 fave·

70 1864 72 1868 ¹
122 1885 187 1949 ret,
207 1872 284 1936 etsi
302 1872 366 1936 sibi
380 1897 453 1938 eum
466 1872 538 1962 ipso
552 1867 709 1938 resistere
725 1872 836 1938 vellet.
856 1873 917 1937 Cui
933 1895 1044 1937 comcs
1061 1873 1249 1961 respondit,

124 1999 159 2038 se
173 1975 351 2038 intantum
365 1999 496 2039 servum
515 1999 610 2040 suum
625 2000 691 2040 non
706 2000 792 2054 esse,
810 1975 892 2063 quiu
913 1973 1018 2040 libere
1040 1974 1140 2039 filiam
1159 1999 1249 2040 suam

122 2089 254 2164 posset,
271 2100 336 2164 quo
352 2076 470 2141 melius
486 2091 518 2141 et
534 2077 680 2142 nobilius
696 2078 834 2155 valeret,
853 2075 925 2141 sine
941 2101 999 2141 sua
1019 2076 1155 2141 licentia
1173 2076 1251 2142 des·

123 2195 282 2268 pensare,
302 2178 434 2267 etqnod
451 2178 520 2268 regi
535 2180 656 2269 Anglie
672 2203 739 2244 non
755 2193 821 2244 tam
832 2180 967 2254 laverat,
986 2180 1067 2266 quin
1078 2178 1154 2257 sibi,
1170 2192 1249 2244 tam-

126 2305 225 2368 quam
247 2280 383 2344 domino
404 2306 480 2358 sua,
506 2281 710 2359 famulatum,
735 2306 833 2370 quem
858 2281 987 2360 debuit,
1008 2282 1194 2360 exhiberet,
1218 2294 1251 2344 et

126 2383 323 2448 fidelitatem
340 2384 373 2447 in
388 2383 543 2448 omnibus
555 2398 780 2449 conservaret.
796 2386 866 2466 Qua
881 2383 1101 2471 responsione
1115 2409 1172 2448 rex
1183 2408 1249 2447 non

127 2499 308 2551 contentus
332 2510 393 2550 uec
420 2499 573 2576 pacatus,
601 2487 752 2577 precepit
779 2486 892 2551 comiti
915 2500 947 2550 et
971 2487 1065 2550 uxori
1092 2489 1180 2574 ejus,
1210 2511 1250 2550 ne

127 2589 278 2652 Parisius
291 2589 433 2664 exirent,
452 2601 629 2676 antequam
645 2589 744 2653 liliam
764 2588 911 2678 ipsorum
929 2614 1033 2679 penes
1050 2613 1084 2652 se
1098 2590 1249 2666 haberet,

129 2689 195 2754 filio
215 2691 306 2779 regis
321 2689 443 2780 Anglie
462 2690 712 2778 desponsatam.
733 2691 831 2773 Quod
851 2705 1046 2779 preceptum
1063 2691 1250 2770 audientes,

128 2792 348 2881 videntesque
367 2817 401 2856 se
423 2793 631 2883 malignitate
655 2806 854 2883 preventos,
880 2795 987 2858 coacti
1007 2794 1249 2882 permiserunt,

130 2895 229 2959 filiam
252 2919 344 2959 suam
364 2919 380 2959 a
402 2895 564 2960 militibus
586 2893 676 2986 regis
697 2895 738 2962 de
758 2896 914 2960 Flandria
934 2895 1007 2959 tolli
1027 2908 1059 2959 et
1080 2895 1121 2960 ad
1141 2895 1250 2984 ipsum

131 3021 243 3087 regem
271 2999 417 3062 Parisius
441 2997 555 3076 aduci3
587 3023 651 3086 que
679 2997 807 3071 suitab
834 2997 908 3088 ipso
933 3011 1027 3086 capta
1059 3010 1092 3063 et
1116 2998 1250 3062 detenta

130 3101 288 3189 usquead
302 3099 391 3165 diem
403 3100 518 3166 mortis
533 3125 601 3166 sue.
618 3103 645 3166 Ο
658 3125 734 3166 vere
746 3100 942 3165 vilissimum
953 3124 1059 3191 genus
1071 3101 1251 3190 guerrandi

131 3216 161 3266 et
175 3203 353 3292 preliandi,
370 3217 435 3268 tam
453 3202 598 3270 nobilem
614 3227 726 3294 regem
740 3215 773 3268 et
786 3217 957 3290 potentem
974 3227 1131 3293 sponsam
1145 3203 1251 3268 hostis

133 3309 181 3373 sui
196 3313 245 3376 sic
267 3309 345 3375 dolo
365 3309 485 3376 tollere
503 3323 535 3374 et
555 3310 763 3376 incurialiter
784 3309 950 3398 captivare
967 3309 989 3374 1!
1011 3312 1129 3376 Comes
1149 3311 1252 3399 igitur

163 3532 184 3580 l.
203 3533 236 3580 Le
260 3532 437 3595 ohroniqueur
461 3548 493 3580 nc
517 3539 642 3595 rapporte
664 3547 721 3595 pas,
747 3532 813 3580 dans
838 3549 866 3579 ce
905 3547 1009 3596 assnge,
1029 3534 1068 3581 les
1091 3533 1152 3580 faits
1175 3533 1253 3582 d'une

134 3595 246 3642 muni'ere
268 3601 365 3644 exacte.
388 3595 459 3642 Volci
479 3611 511 3642 en
532 3597 607 3657 quels
630 3601 725 3643 termes
747 3595 798 3643 Gut
820 3594 852 3642 de
899 3595 1029 3658 ampierre
1053 3595 1191 3643 lui-mame
1214 3595 1253 3642 dit

134 3663 262 3704 comment
274 3674 303 3704 sa
313 3657 367 3704 fille
380 3659 417 3705 lut
432 3660 538 3706 amende
551 3662 566 3704 a
579 3657 652 3705 Paris
667 3673 672 3704 :
688 3675 699 3704 a
712 3658 782 3705 Vous
794 3657 946 3705 mandastes
959 3657 983 3704 le
994 3662 1068 3705 conte
1081 3658 1112 3704 de
1126 3659 1252 3706 Flandres

135 3733 182 3778 que
196 3719 216 3765 il
228 3719 313 3767 venist
327 3736 342 3767 a
355 3736 430 3777 vous,
443 3737 457 3768 a
469 3719 552 3775 Paris,
567 3737 583 3767 a
595 3737 630 3768 un
645 3719 745 3768 certain
758 3719 828 3782 jour,
841 3735 909 3782 pour
924 3720 999 3767 avoir
1012 3721 1109 3768 conseil
1123 3736 1251 3783 ovet-ques

135 3779 170 3825 lui
180 3788 205 3828 et
217 3798 345 3845 ovecqucs
356 3783 393 3829 les
404 3789 493 3830 autres
507 3782 605 3830 barons
617 3782 649 3830 de
661 3783 749 3830 l'estat
761 3782 796 3829 du
806 3798 941 3844 royaume,
953 3789 979 3829 et
990 3782 1008 3828 il
1022 3782 1078 3831 vint
1090 3790 1172 3845 quant
1184 3799 1215 3830 en
1226 3789 1253 3831 ot

136 3845 263 3891 comeneie
278 3861 293 3890 a
309 3844 399 3892 trctier
410 3845 442 3892 de
455 3861 497 3892 ces
511 3844 658 3908 hescignes.
676 3845 706 3892 Li
721 3845 810 3893 cueins
829 3859 894 3892 vous
909 3849 1037 3900 monstra,
1051 3861 1119 3907 pour
1129 3861 1157 3892 cs
1168 3861 1218 3908 que
1233 3846 1252 3892 il

136 3918 166 3950 ne
178 3906 276 3954 vouloit
288 3907 338 3954 mie
353 3923 403 3970 que
416 3914 504 3954 autres
521 3923 586 3954 vous
605 3924 635 3956 en
653 3907 766 3954 donnast
780 3923 937 3969 mensonges
950 3923 966 3954 n
978 3907 1111 3964 entendre,
1130 3914 1154 3955 et
1170 3923 1219 3970 quo
1234 3909 1253 3955 il

137 3967 233 4034 vouloit
252 3984 302 4031 que
321 3985 386 4016 vous
404 3987 434 4018 en
453 3969 566 4018 seussioz
588 3970 613 4016 ln
635 3969 716 4016 verite
735 3997 764 4006 -
783 3975 808 4016 et
828 3969 887 4017 bien
909 3985 940 4016 cn
962 3969 1034 4016 avoit
1057 3986 1088 4016 eu
1108 3975 1182 4017 autre
1203 3970 1252 4017 fois

137 4027 217 4076 l’otroi
238 4031 269 4078 de
283 4048 348 4079 vous
365 4059 393 4068 —
408 4038 539 4080 comment
552 4048 730 4080 convenences
748 4031 861 4080 estoiont
878 4033 942 4080 letes
960 4031 992 4078 de
1011 4032 1129 4094 mariage
1143 4039 1214 4079 entre
1228 4033 1251 4080 le

138 4090 173 4136 roi
184 4092 245 4142 d¹En
267 4095 361 4142 leterre
373 4101 399 4142 et
408 4095 454 4153 lui,
468 4096 500 4142 de
513 4094 700 4157 monseigneur
712 4095 869 4151 Edouward,
886 4096 910 4141 le
926 4095 954 4141 fil
968 4094 991 4140 le
1007 4095 1045 4141 roi
1064 4094 1251 4157 d'Engleterre,

139 4157 171 4225 et⁸
185 4169 227 4202 ma
245 4110 385 4205 damoisele
405 4158 545 4220 Phelippe,
573 4157 627 4204 fille
644 4157 668 4205 le
690 4164 781 4216 conte,
804 4163 829 4204 et
850 4173 900 4220 que
921 4172 989 4220 pour
1012 4169 1040 4205 ee
1061 4157 1254 4204 nedemouroit

140 4227 187 4262 mla
203 4234 252 4279 que
273 4219 294 4266 il
312 4236 343 4268 ne
367 4237 431 4267 vous
456 4220 551 4267 servlst
572 4219 716 4267 loiaument
733 4235 763 4266 en
786 4226 860 4266 votre
878 4234 986 4282 guerre,
1010 4225 1035 4266 et
1058 4219 1136 4266 feroit
1159 4235 1251 4266 envers

139 4291 201 4325 vous
226 4297 326 4330 comme
353 4282 495 4345 preudoms
520 4281 574 4330 doit
603 4283 667 4330 loire
689 4299 704 4330 a
726 4297 772 4330 nan
796 4283 919 4345 seigneur
942 4288 967 4328 et
989 4281 1036 4328 luit
1061 4282 1152 4329 l'uvoit
1179 4282 1250 4330 adez.
