3154 5190
360 437 390 484 92
744 436 897 484 auratus
910 433 1104 484 olannusus
1420 433 1468 479 1308

361 553 419 630 lic,
450 553 619 618 licentiam
647 566 691 630 et,
716 566 751 617 ut
771 552 835 617 sibi
850 565 972 617 terram
998 553 1174 642 patrissui
1204 550 1375 625 redderet,
1403 574 1471 636 sepe

361 670 394 720 et
413 656 577 721 instanter
598 655 706 742 petiit.
727 655 825 739 Quod
842 680 914 720 cum
932 679 991 719 rex
1008 654 1123 732 nimis,
1149 668 1185 719 nt
1210 653 1274 718 sibi
1292 653 1470 728 videbatur,

361 757 523 835 differret,
542 773 574 822 et
590 759 684 846 quasi
705 759 747 823 de
762 758 924 846 petitione
939 782 995 822 sua
1013 783 1079 824 non
1095 769 1242 835 curaret,
1264 757 1308 822 ob
1330 756 1395 820 hoc
1409 779 1472 818 euni

362 859 408 924 sic
429 860 610 938 interemit,
633 874 666 926 ct
687 861 817 949 fugiens
833 861 916 926 abiit
933 862 967 925 in
983 874 1105 925 terram
1121 885 1225 926 suam.

406 962 500 1028 Circa
529 962 628 1028 etiam
651 963 740 1028 istud
769 977 913 1051 tempus,
941 964 1109 1028 Jobanues
1129 962 1172 1026 de
1192 965 1299 1040 Kunc,
1331 984 1417 1024 unus
1442 959 1476 1021 de

360 1066 495 1130 arbitris
514 1090 554 1130 ex
573 1078 667 1153 parte
688 1065 844 1130 Flandrie
868 1065 1050 1154 predictis,
1074 1077 1224 1130 mortuus
1251 1065 1339 1128 est1.
1364 1064 1476 1128 Gerar·

362 1167 425 1232 dus
449 1170 596 1244 Maurus,
619 1191 704 1233 unus
727 1168 824 1232 etiam
847 1193 886 1232 ex
912 1167 977 1245 cis,
1002 1192 1090 1234 anno
1119 1169 1184 1232 isto
1214 1179 1247 1232 et
1271 1164 1476 1255 precedenti,

361 1270 477 1334 videns
492 1270 604 1334 dolum
622 1270 783 1336 etodium
805 1273 1022 1344 Francorum,
1045 1271 1085 1336 ad
1104 1270 1308 1358 parlamenta
1324 1267 1478 1334 accedere

363 1371 481 1448 noluit,
499 1372 587 1437 unde
606 1374 774 1438 lohannes
789 1373 830 1437 de
851 1375 1020 1438 Scornaco
1038 1372 1265 1449 etGerardus,
1283 1369 1478 1437 castellanus

363 1474 563 1551 (laudensis,
587 1475 740 1540 dominns
761 1475 803 1539 de
818 1475 1027 1566 Zotteghem,
1052 1475 1170 1564 reliqui
1186 1475 1253 1540 duo
1273 1473 1395 1541 arbitri
1412 1470 1479 1534 facti

362 1590 440 1640 sunt
460 1575 756 1643 communitatibus
773 1577 929 1643 Flandrie
945 1576 1066 1655 odiosi,
1086 1578 1163 1666 quia
1180 1577 1245 1664 ipsi
1259 1577 1325 1642 duo
1340 1596 1480 1640 commn-

366 1678 453 1743 niter
473 1679 678 1767 parlamenta
701 1680 1011 1767 frequentaverant,
1039 1693 1071 1744 et
1090 1679 1289 1744 videbantur
1308 1703 1372 1767 per
1388 1675 1480 1742 ellec-

363 1795 431 1845 tum
450 1783 554 1870 magis
568 1781 639 1870 regi
651 1806 748 1870 quam
764 1782 846 1868 ipsis
863 1781 1157 1846 communitatibus
1173 1782 1292 1846 lavere.
1316 1782 1480 1846 Johannes

362 1884 450 1948 euim
476 1885 517 1948 dc
544 1887 649 1961 Kane,
679 1899 756 1973 post
778 1885 891 1949 initam
910 1909 1039 1972 pacem,
1063 1884 1125 1948 nisi
1151 1884 1251 1948 semel
1275 1884 1326 1948 vel
1358 1881 1424 1956 bis,
1445 1879 1479 1942 ad

362 1987 565 2074 parlamenta
587 1986 740 2050 accessit.
758 1988 873 2052 Mense
894 1988 1057 2077 Augusto,
1080 1999 1228 2074 exparte
1250 1987 1339 2076 regis
1356 1982 1481 2049 mandu-

360 2103 430 2153 tum
451 2103 502 2153 cst
520 2089 553 2154 in
571 2090 726 2155 Flundria
751 2114 810 2178 per
830 2091 1014 2155 Rnbertum
1031 2089 1203 2166 comitem,
1226 2089 1316 2176 quod
1334 2109 1479 2153 commo-

363 2192 482 2256 nitates
503 2216 542 2256 ex
569 2216 604 2255 se
627 2205 860 2279 procuratores
886 2193 1068 2280 eligerent,
1092 2191 1243 2280 quelibet
1264 2190 1417 2280 quinque
1437 2185 1479 2249 vel

363 2319 420 2357 sex
447 2294 488 2357 dc
509 2293 617 2358 tribus
644 2295 772 2383 magnis
799 2294 902 2372 villis,
925 2293 1055 2358 scilicet
1080 2295 1121 2358 de
1144 2297 1231 2381 Ypra
1254 2307 1289 2358 et
1313 2291 1437 2380 Brugis
1454 2301 1481 2351 ct

364 2396 534 2472 Gandavo,
557 2395 614 2484 qui
635 2421 709 2461 cum
726 2396 799 2484 ipso
816 2397 937 2462 comite
953 2397 1116 2462 haberent
1137 2396 1268 2483 plenam
1286 2406 1480 2483 potestatem

364 2522 438 2562 cnm
459 2520 536 2584 rege
559 2523 674 2586 pacem
698 2499 921 2586 componendi
935 2501 958 2562 ².
978 2501 1069 2580 Quos
1092 2524 1165 2564 cum
1186 2499 1337 2563 civitates
1365 2497 1482 2584 elegis·

364 2613 449 2677 sent,
471 2614 503 2664 et
516 2601 688 2665 venissent
703 2601 744 2666 ad
761 2603 885 2666 curiam
903 2603 991 2691 regis
1013 2626 1087 2666 cum
1108 2601 1245 2678 comite,
1269 2625 1385 2665 mense
1407 2599 1482 2682 Sep·

363 2704 496 2779 tembri,
513 2705 805 2791 interrogaverunt
820 2729 876 2767 eos
894 2703 1076 2768 consiliarii
1095 2705 1198 2793 regis,
1215 2703 1242 2768 si
1258 2702 1384 2768 vellent
1400 2714 1481 2764 stare

364 2805 405 2868 de
429 2805 495 2869 alto
522 2818 555 2869 et
576 2806 672 2869 basso
702 2806 804 2869 totins
825 2806 938 2870 delicti
965 2806 1055 2870 dicto
1081 2806 1182 2894 regis.
1210 2805 1274 2888 Qui
1301 2801 1482 2892 responde·

364 2922 453 2984 runt,
480 2909 565 2972 sient
588 2910 636 2972 eis
662 2933 678 2971 a
705 2909 999 2973 communitatibus
1028 2909 1096 2972 suis
1132 2910 1190 2972 luit
1226 2911 1425 2996 injunctum,
1452 2925 1482 2965 se

364 3008 586 3074 libentissime
619 3010 704 3074 velle
732 3023 819 3074 stare
853 3010 1097 3075 rationabiliter
1121 3010 1211 3074 dicto
1241 3010 1347 3098 ipsius
1376 3007 1479 3096 regis,

365 3113 462 3177 salvis
478 3112 627 3200 ipsorum
645 3113 727 3189 vita,
746 3113 958 3177 libertatibus
979 3127 1012 3177 et
1029 3112 1284 3190 munitionibus,
1308 3112 1395 3176 sicut
1411 3120 1482 3174 ante

366 3215 493 3278 lnsulas
510 3215 570 3278 tuit
586 3214 791 3290 coirdictum,
808 3214 849 3278 de
868 3239 933 3303 quo
950 3215 1106 3278 condicto
1127 3229 1161 3279 et
1176 3214 1346 3304 publicum
1365 3215 1482 3278 instra·

366 3330 524 3394 mentum,
542 3316 652 3406 sigillo
673 3317 763 3406 regis
785 3317 964 3406 signatum,
983 3318 1239 3382 ostenderunt-l.
1258 3320 1328 3399 Qua
1351 3338 1483 3406 respon·

365 3419 457 3482 sicne
481 3418 562 3482 dicti
583 3418 765 3484 consiliarii
790 3419 928 3484 multum
950 3419 1127 3510 indignati,
1148 3432 1419 3484 monstraverunt
1439 3415 1483 3480 eis

365 3520 541 3609 qnamdam
567 3520 728 3597 litteram,
762 3547 858 3610 quam
891 3545 1001 3586 comes
1029 3524 1197 3587 Robertus
1222 3522 1428 3612 sigillaverat
1455 3517 1482 3581 ia

391 3731 413 3778 l.
432 3730 497 3776 Jenn
512 3729 542 3774 dc
556 3729 644 3790 Cuyck
667 3719 772 3776 mourut
785 3731 809 3776 le
827 3729 955 3790 tajuittet
975 3731 1044 3787 1308,
1065 3729 1133 3777 ainsi
1154 3747 1204 3794 que
1225 3746 1290 3778 nous
1309 3729 1449 3793 l'npprend
1464 3727 1485 3773 lc

365 3792 478 3855 Hegistcr
489 3791 666 3855 desunt-torum
680 3793 725 3838 des
737 3791 877 3839 chanoines
891 3792 922 3839 de
938 3793 1038 3855 l'c'glisc
1049 3793 1290 3840 Salute-Elisabeth
1301 3794 1332 3841 de
1346 3795 1435 3842 Grave
1447 3795 1483 3854 (en

366 3853 502 3909 Hollande,
518 3870 563 3900 sur
576 3855 710 3909 tartense,
724 3858 784 3917 pres
796 3854 827 3900 de
841 3855 948 3917 Cameli),
962 3856 1025 3902 dont
1038 3855 1056 3901 il
1069 3855 1130 3902 eluit
1147 3855 1293 3904 londnteur.

397 3918 419 3963 2.
440 3917 487 3964 Les
502 3917 592 3962 lettres
606 3933 654 3980 pur
667 3917 807 4024 lesquelles
823 3918 860 3967 les
880 3917 956 3964 villes
976 3919 1007 3964 de
1025 3918 1137 3964 Flnndre
1154 3918 1323 3980 deleguerent
1339 3918 1409 3964 leurs
1425 3931 1486 3981 pro·

365 3995 475 4025 cureurs
489 3981 586 4041 nupr'es
600 3981 634 4024 du
651 3977 691 4025 roi
725 3980 849 4025 eFi·ance
867 3986 926 4025 sont
939 3997 969 4027 en
988 3979 1048 4026 ellet
1065 3980 1153 4026 dulces
1170 3980 1203 4025 du
1223 3981 1289 4026 mois
1309 3981 1397 4026 d'ocrlt
1418 3979 1484 4027 1308.

366 4040 467 4103 Origin.
480 4056 529 4086 nux
543 4041 734 4094 Archiae-anat..
746 4041 769 4087 J.
784 4045 829 4087 550
842 4056 854 4080 Α
869 4047 894 4088 et
908 4056 933 4098 νς
948 4044 1014 4089 mois
1026 4044 1049 4089 le
1062 4043 1384 4106 chroniquenrsetrompe
1395 4042 1486 4089 ct-des·

367 4119 458 4212 ειιιεγεηΙ
470 4103 584 4150 limitent
598 4104 690 4150 l’enroi
704 4103 735 4150 de
754 4119 797 4150 ces
815 4119 973 4166 procureurs
989 4121 1038 4151 anx
1054 4105 1139 4151 saules
1151 4104 1226 4151 villos
1240 4105 1271 4152 dc
1287 4105 1397 4167 Bruges,
1411 4099 1483 4153 Gond

367 4172 419 4301 etit.
429 4181 578 4274 lilibitana
592 4227 810 4274 aiei-essaircment
823 4232 973 4283 controuvc'·‚
988 4229 1100 4292 puisque
1114 4229 1188 4274 l’acte
1204 4245 1234 4274 eu
1248 4228 1368 4291 question
1384 4229 1425 4275 n'u
1439 4241 1483 4292 pos

367 4293 455 4336 existe.
