3178 5192
365 445 395 492 n
745 445 893 493 inntens
912 445 1106 496 cannenses
1188 482 1190 488 ,
1427 447 1483 493 1301
1554 429 1555 432 ’

366 565 448 627 Cum
465 575 573 627 autem
592 585 648 625 rex
669 561 902 650 ingrederetur
919 563 1112 627 Gandnvum
1126 563 1149 640 ¹,
1168 563 1403 642 communitaS,
1423 587 1486 650 quo
1554 587 1555 592 ¹

365 666 429 729 sibi
454 666 610 741 occurrit,
637 664 767 728 fortiter
795 664 945 728 clamavit
967 677 998 729 et
1019 667 1183 730 instanter
1208 666 1248 728 ab
1273 663 1348 753 ipso
1373 663 1486 754 potiit,

365 768 454 854 quod
477 765 677 831 liberaretur
701 766 742 830 de
763 767 904 853 quadam
929 768 1022 858 gravi
1052 766 1241 845 exactione,
1269 791 1333 854 que
1359 767 1487 831 eratin

366 871 524 938 Gandavo
544 882 575 934 et
601 869 633 932 in
660 868 799 958 Brugis,
829 894 930 958 super
955 870 1065 936 omnia
1086 871 1214 935 venalia
1237 884 1271 934 et
1295 871 1488 958 specialiter

366 999 466 1062 super
497 971 689 1037 cerevisiam
720 984 752 1036 et
782 973 977 1050 medonem,
1009 997 1108 1062 quam
1140 972 1337 1038 Gaudenses
1367 985 1488 1038 vocant

367 1075 484 1140 niolam
513 1073 704 1164 pecuniam,
737 1076 927 1164 Brugenses
952 1074 1116 1140 assisiam.
1152 1079 1222 1141 Rex
1248 1088 1377 1154 autem,
1411 1075 1488 1164 quia

362 1177 530 1264 jocundus
563 1189 595 1240 et
626 1200 729 1239 novus
761 1189 831 1240 erat
859 1176 1021 1242 adventus
1055 1180 1145 1266 ejus,
1184 1179 1303 1242 annuit
1328 1178 1487 1265 precibus
1514 1217 1516 1222 ·

365 1277 630 1357 acclamantium,
647 1278 735 1367 quod
754 1279 934 1365 majoribus
951 1279 1028 1345 ville
1046 1280 1185 1344 multum
1202 1279 1387 1369 displicuit,
1411 1280 1486 1368 quia

366 1383 467 1446 multa
486 1381 639 1445 solebant
652 1381 693 1445 de
709 1381 796 1444 (licta
813 1380 986 1447 exactione
1001 1383 1126 1447 habere
1145 1382 1381 1459 emolumenta,
1402 1383 1488 1446 sicut

365 1485 464 1548 etiam
480 1483 513 1547 in
528 1482 661 1571 brugis.
678 1486 727 1548 De
741 1484 858 1549 Ganda
872 1485 1042 1572 prol'eotus
1059 1499 1110 1549 est
1125 1509 1181 1550 rex
1198 1484 1232 1549 in
1248 1485 1484 1560 Ardenborch,

365 1601 397 1650 ot
417 1585 539 1650 deinde
557 1585 590 1648 in
611 1588 713 1664 Dam,
731 1599 847 1674 postea
867 1587 902 1650 in
926 1589 1058 1676 Brugis.
1083 1591 1274 1677 Brugenses
1294 1600 1404 1651 autern
1424 1585 1486 1650 sibi

364 1700 582 1752 occurrerunt
613 1713 687 1780 cum
716 1690 919 1776 paramentis
951 1688 1223 1754 vestimentorum
1247 1687 1430 1754 excessivis
1457 1701 1487 1754 et

364 1790 504 1855 diversis
529 1789 636 1867 ludis,
661 1789 888 1878 miseruntque
912 1790 942 1855 ei
963 1793 1078 1856 exenia
1100 1791 1209 1881 magni
1236 1793 1368 1856 valoris.
1394 1791 1487 1856 lnhi-

365 1895 506 1958 buerant
527 1905 634 1957 antem
657 1892 786 1956 scabini
807 1907 839 1957 et
859 1896 1000 1983 majores
1023 1897 1214 1984 Brugenses
1238 1894 1484 1968 communitati,

364 1997 426 2059 sub
447 2020 532 2084 pena
553 1994 689 2082 capitis,
715 2019 755 2058 ne
778 1995 899 2083 aliquis
920 1995 1069 2085 ipsorum
1094 2021 1156 2084 pro
1177 1996 1346 2062 deletione
1367 1995 1486 2061 assisio

365 2097 435 2187 regi
456 2097 666 2173 acclamaret,
688 2097 739 2160 vel
756 2097 843 2184 apud
863 2097 971 2186 ipsum
991 2123 1109 2186 preces
1131 2099 1296 2177 funderet,
1317 2099 1406 2165 sicut
1427 2099 1487 2162 suit

365 2201 485 2264 luctum
510 2200 544 2263 in
570 2199 741 2264 Gandavo.
768 2201 818 2265 Ex
841 2201 905 2264 hoc
929 2199 1032 2290 igitur
1057 2201 1277 2266 communitas
1299 2199 1428 2265 offensa
1455 2199 1486 2263 in

364 2326 504 2368 occursu
529 2300 617 2391 regis
646 2300 738 2364 stetit
761 2293 855 2388 quasi
884 2315 985 2382 muta,
1012 2303 1057 2367 ita
1083 2303 1172 2391 quod
1198 2327 1255 2367 rex
1281 2303 1322 2367 de
1349 2305 1427 2382 hoe,
1455 2315 1487 2366 nt
1554 2295 1555 2304 ¹

364 2403 498 2482 dicitur,
529 2403 723 2467 mirabatur.
750 2405 929 2490 Postquam
955 2417 1064 2469 autem
1090 2429 1148 2469 rex
1174 2406 1346 2494 profectus
1374 2419 1427 2470 est
1454 2406 1486 2468 in

365 2505 600 2583 Winendate-‘2‚
637 2505 810 2568 mansione
848 2506 1016 2594 quondum
1050 2505 1181 2571 comitis
1219 2508 1314 2571 valde
1351 2508 1483 2595 pulcra,

364 2609 491 2674 scabini
517 2621 550 2672 et
573 2611 713 2695 majores
738 2609 930 2697 Brugenses
953 2609 1122 2689 volentes,
1146 2609 1237 2697 quod
1260 2611 1374 2675 exenia
1403 2615 1486 2674 lacta

363 2711 488 2802 rugiet
509 2722 703 2774 ornamenta
726 2711 886 2787 vestium,
912 2735 977 2799 que
1004 2711 1069 2776 sibi
1092 2735 1154 2799 pro
1179 2712 1388 2777 occurrendo
1414 2711 1485 2801 rogi

362 2825 577 2902 paraverant,
608 2813 649 2876 de
683 2813 799 2876 assisia
829 2813 1049 2890 solverentur,
1080 2826 1113 2876 et
1139 2813 1229 2900 quod
1259 2812 1403 2879 collubia
1437 2813 1484 2878 vel

362 2915 555 2980 indumenta
582 2915 830 2980 communitatis
854 2915 1062 2979 solverentur
1088 2916 1129 2979 ab
1153 2917 1302 3003 ipsorum
1328 2917 1369 2981 de
1394 2942 1484 2980 com-

364 3018 525 3083 munitate
555 3017 701 3106 propriis
740 3016 857 3095 bonis,
896 3017 1005 3081 adhuc
1040 3017 1174 3106 gravius
1211 3019 1483 3084 communitatem

362 3121 554 3200 irritarunt,
581 3119 668 3184 unde
689 3120 773 3183 faeta
794 3131 846 3182 est
869 3119 1048 3184 commotio
1069 3145 1188 3211 magna
1210 3133 1243 3185 et
1263 3119 1431 3186 dissensio
1453 3122 1484 3184 in

362 3223 455 3301 villu,
474 3225 568 3311 cujus
586 3219 818 3286 commotionis
836 3245 954 3309 magne
972 3221 1067 3310 origo
1088 3222 1212 3287 dicitur
1228 3222 1328 3287 fuisse
1349 3223 1483 3312 quidam

361 3340 483 3404 textor,
505 3323 638 3390 nomine
658 3325 790 3401 Petrus,
812 3324 1011 3412 cognomine
1032 3325 1114 3403 Rex,
1135 3350 1209 3389 curn
1231 3325 1399 3415 aliquibus
1419 3325 1484 3391 sibi

363 3428 637 3495 adherentibus3.
655 3427 752 3492 Unde
769 3424 923 3504 ballivus,
941 3425 983 3490 de
1000 3425 1141 3492 consilio
1158 3430 1318 3515 majorum
1336 3431 1484 3518 Brugen-

393 3652 415 3698 l.
434 3650 557 3712 Philipps
572 3648 596 3694 le
617 3645 662 3694 Bel
678 3645 740 3693 e'tuit
758 3649 773 3692 ιί
791 3645 864 3695 Gund
884 3647 907 3694 le
925 3647 955 3693 26
972 3646 1025 3694 mni
1045 3649 1113 3695 1301.
1133 3648 1172 3696 Cl.
1194 3665 1240 3695 son
1265 3649 1399 3698 itiner-aire
1418 3651 1483 3698 dans

361 3717 391 3762 D.
405 3717 530 3776 Bouquet,
547 3711 610 3764 XXI,
624 3711 677 3756 438.

392 3779 413 3823 2.
434 3776 467 3823 Le
480 3775 508 3821 ll
521 3772 577 3836 juin
592 3773 661 3827 1301,
676 3768 796 3833 Philipps
809 3771 833 3817 le
846 3771 891 3818 Bel
905 3772 933 3818 fit
944 3773 1037 3819 sreller
1050 3789 1083 3818 un
1097 3779 1154 3820 acte
1165 3773 1225 3822 date'
1238 3791 1250 3821 (ι
1263 3773 1289 3820 in
1303 3774 1380 3822 domo
1394 3781 1484 3822 nostra

361 3839 392 3886 dc
406 3837 558 3885 Winendulo
572 3853 594 3882 ιι.
609 3833 754 3888 ltine'ruire‚
768 3836 796 3880 D.
813 3835 936 3895 Bouqaet,
951 3835 1015 3891 xxt,
1029 3837 1083 3884 438.

392 3903 416 3948 3.
435 3919 447 3947 ι(
465 3902 582 3962 Lorsque
595 3913 659 3944 ceux
671 3896 702 3943 de
716 3896 826 3956 Bruges,
842 3895 907 3942 ecrit
923 3897 1051 3958 Valthem,
1065 3914 1099 3960 up
1120 3897 1203 3945 rirent
1214 3898 1336 3947 l'e'mcute
1353 3901 1384 3947 de
1398 3900 1482 3954 Gund,

360 3963 393 4010 ils
408 3965 495 4010 lurcnt
509 3978 541 4008 uu
553 3959 654 4007 comble
670 3958 701 4005 de
714 3958 740 4004 la
751 3955 812 4019 joie.
826 3957 860 4004 Co
878 3959 917 4004 lut
927 3975 960 4006 un
978 3915 1119 4014 tisseraml,
1136 3961 1223 4007 Picrre
1238 3961 1344 4018 Coninc,
1359 3961 1404 4024 qui
1418 3964 1457 4010 lut
1469 3966 1482 4007 tr

361 4027 463 4089 Bruges
477 4023 596 4086 l'origine
609 4022 643 4068 du
658 4026 830 4068 mouvement.
846 4020 878 4066 Et
895 4022 958 4068 c'est
973 4023 1106 4070 merveille
1119 4023 1198 4084 qu'un
1214 4022 1356 4080 tisserund,
1371 4040 1481 4088 presque

361 4105 395 4135 un
408 4087 480 4145 nain,
492 4087 529 4134 uit
543 4103 577 4148 pu
594 4082 713 4131 dominer
725 4098 825 4129 comme
838 4081 856 4128 il
872 4081 905 4128 l'a
922 4083 977 4130 luit.
991 4085 1089 4148 'l'rapu,
1104 4083 1149 4130 dos
1162 4086 1292 4134 membres
1307 4087 1403 4150 greles‚
1421 4103 1480 4134 sans

360 4151 434 4198 biens
448 4157 474 4197 et
488 4151 519 4196 dc
535 4148 673 4196 naissance
688 4145 806 4203 obscure,
824 4145 858 4192 tel
871 4145 935 4192 o'tuit
947 4161 975 4192 co
990 4145 1078 4194 Pierre
1095 4146 1138 4208 qui
1154 4147 1182 4192 fit
1198 4153 1254 4195 tunt
1267 4148 1298 4196 de
1315 4150 1412 4198 malou
1428 4149 1480 4196 rol!

359 4213 433 4262 atnsi
445 4226 596 4271 commenpu
608 4209 753 4256 l’emcuterl
768 4206 878 4269 Bruges,
893 4207 979 4270 parmi
992 4209 1015 4254 le
1028 4207 1099 4272 parti
1114 4207 1261 4270 populaire,
1279 4227 1340 4258 sous
1353 4213 1380 4260 lu
1397 4211 1479 4259 direc-

359 4277 414 4323 tion
428 4276 459 4322 de
472 4274 559 4323 Pierre
573 4272 679 4321 Coninc,
697 4289 707 4316 ι
726 4268 826 4333 Spiegcl
837 4267 983 4328 historiari,
1001 4269 1046 4319 liv.
1061 4269 1103 4328 lv,
1118 4270 1195 4334 chop.
1212 4273 1250 4336 10,
1269 4289 1296 4335 p.
1318 4275 1363 4322 225
1378 4274 1410 4322 de
1422 4275 1479 4322 l'ed.

358 4340 392 4387 Le
406 4339 488 4402 Long.
