3154 5190
122 397 181 444 1304
501 397 650 446 ANNALES
668 396 863 446 Ganussnsns
1210 394 1238 446 ’ll

121 526 232 590 tatem,
267 537 379 604 regem
406 539 479 578 curn
507 526 577 578 toto
603 515 751 580 exercitu
777 539 837 580 suo
867 528 1038 603 oporteret
1064 517 1236 580 coul'usum

121 613 275 679 recedere
291 616 332 678 ab
353 615 543 680 obsidione.
564 619 605 682 Et
621 630 711 680 certe
729 616 774 681 ita
790 616 957 682 evenisset
977 616 1025 694 ei,
1047 617 1074 681 si
1092 616 1238 682 infideli-

118 730 166 781 tas
184 717 408 782 Insulensium
429 719 470 782 ad
491 717 664 783 dominum
680 743 776 782 suum
798 731 831 784 et
853 718 894 784 ad
916 744 994 784 suas
1013 719 1054 784 de
1077 720 1237 785 comitatu
1328 717 1344 824 ἰ

16 903 18 912 y
118 819 273 884 Flandrie
294 843 400 896 nuuc,
425 821 511 884 sicut
535 834 568 884 et
592 819 690 894 aliae,
721 820 786 884 sibi
808 845 873 885 non
897 822 1130 890 succurrisset.
1153 824 1236 886 Cum

118 946 197 1012 ergo
213 946 272 988 rex
284 945 358 986 oum
374 922 521 987 exercitu
542 947 601 986 suo
621 935 765 988 castrum
781 936 814 987 et
833 923 944 988 villam
960 923 1072 1012 aliquo
1085 938 1236 1012 tempore

117 1023 238 1089 acriter
253 1038 474 1114 oppugnaret,
497 1025 690 1115 nullumque
716 1038 953 1092 nocumentum
975 1026 1114 1114 alicujus
1135 1051 1236 1114 repu-

118 1126 254 1192 tationis
270 1126 317 1191 eis
333 1127 457 1192 valeret
471 1128 609 1205 inferre,
630 1127 834 1206 lnsulenses‚
855 1128 911 1216 qui
934 1153 993 1216 pro
1010 1128 1126 1216 nrajori
1143 1143 1237 1216 parte

119 1228 255 1294 Liliardi
289 1243 399 1306 erant,
437 1228 543 1294 inscio
573 1229 748 1318 Philippo,
784 1230 985 1296 mediatores
1027 1233 1164 1296 mittunt
1196 1233 1237 1296 ad

120 1356 249 1422 regem,
279 1332 497 1397 condicentes
526 1345 559 1396 et
583 1345 822 1420 componentes
850 1357 924 1398 cum
951 1332 1044 1422 ipso,
1076 1332 1185 1398 villam
1207 1346 1240 1398 et

120 1446 264 1500 castrum
280 1459 314 1498 se
332 1434 361 1499 ei
376 1434 578 1510 reddituros,
593 1433 620 1498 si
639 1434 722 1499 infra
742 1435 920 1500 terminum
933 1435 1108 1522 prefixum,
1128 1475 1172 1484 -
1183 1435 1238 1524 qui

120 1550 189 1602 erat
198 1536 285 1600 circa
298 1537 416 1602 festum
426 1535 514 1601 beati
523 1536 698 1600 Michaelis
710 1537 780 1612 1,-
795 1538 843 1600 eis
853 1537 1011 1622 auxilium
1022 1551 1054 1603 ct
1063 1562 1239 1602 succursus

121 1663 187 1704 rron
207 1640 369 1704 venireta
391 1638 589 1728 Flamingis‚
611 1651 644 1702 et
669 1638 710 1702 de
731 1639 794 1702 isto
816 1638 972 1704 condicto
990 1640 1137 1704 tenendo
1158 1642 1237 1704 .XL.
1319 1676 1321 1680 ·

119 1742 256 1806 obsides
274 1740 345 1832 regi
361 1741 607 1805 tradiderunt2.
628 1743 663 1805 ln
685 1765 751 1828 quo
768 1740 935 1820 condicto,
959 1755 1134 1831 postquam
1156 1742 1239 1807 illud

121 1843 233 1922 scivit,
255 1844 404 1931 oportuit
429 1842 622 1931 Philippum
648 1842 786 1906 invitum
811 1843 1014 1916 consentire,
1042 1845 1135 1932 quia,
1163 1844 1243 1910 lieet

121 1946 261 2012 haberet
275 1945 308 2010 in
330 1958 438 2010 castro
456 1944 662 2010 sufficientes
679 1944 859 2010 bellatores
875 1945 915 2010 ad
931 1946 1112 2012 tenendum
1131 1946 1240 2036 ipsum

120 2073 194 2112 cum
212 2047 287 2113 villa
307 2061 421 2114 contra
444 2071 573 2136 regem,
598 2060 796 2112 nontamen
826 2048 1030 2113 sufficientes
1056 2048 1173 2114 habuit
1200 2049 1241 2114 ad

118 2150 301 2214 tenendum
317 2152 426 2237 ipsum
442 2162 558 2236 contra
576 2174 689 2240 regem
704 2163 737 2214 et
754 2148 863 2213 villam
876 2150 899 2212 ³.

162 2255 234 2317 Isto
256 2252 339 2318 inito
361 2251 530 2330 condicto,
561 2275 617 2315 rex
645 2251 755 2315 villam
779 2265 811 2317 et
836 2265 981 2316 castrum
1001 2253 1143 2341 amplius
1175 2277 1239 2317 nou

121 2354 320 2432 molestavit,
350 2355 408 2418 sed
436 2379 473 2418 ea
496 2353 656 2418 obsidens
677 2354 719 2418 de
742 2355 796 2418 die
820 2355 852 2418 in
874 2355 963 2418 diem
995 2379 1090 2420 surim
1111 2379 1243 2442 semper

119 2457 345 2546 augmentavit
365 2457 559 2524 exercitum.

164 2559 262 2626 Unde
281 2561 467 2636 lohannes,
493 2559 660 2624 Robertus
677 2571 710 2622 et
726 2558 948 2624 Flandrenses
967 2560 1031 2623 hoc
1050 2559 1242 2650 intelligen-

120 2675 187 2739 tes,
211 2661 325 2726 multis
344 2660 501 2726 tentoriis
522 2660 615 2726 novis
637 2659 750 2739 sactis,
773 2661 830 2724 sed
849 2685 914 2724 nou
936 2673 1002 2739 tot,
1022 2675 1103 2749 quot
1123 2661 1243 2727 omise-

123 2776 218 2841 rant,
246 2763 382 2828 circiter
410 2777 525 2826 octavo
553 2763 608 2826 die
637 2776 714 2826 ante
741 2763 929 2849 predictum
959 2762 1138 2828 terminum
1168 2789 1241 2828 cum

123 2867 265 2932 maximo
281 2865 429 2930 exercitu
442 2880 670 2930 convenerunt
685 2864 718 2927 in
731 2867 903 2929 Curtraco.
919 2869 992 2948 Quo
1009 2865 1138 2930 scilicet
1153 2891 1243 2930 exer-

122 2969 189 3032 citu
213 2969 364 3056 ipsorum
385 2991 518 3055 semper
535 2979 724 3043 crescente,
743 2967 843 3030 tertio
866 2968 920 3031 die
944 2980 1020 3032 ante
1044 2967 1241 3046 terminum,

122 3094 196 3135 cum
218 3068 441 3134 audacissimo
462 3092 641 3158 progressu
656 3082 689 3133 et
708 3069 741 3132 in
759 3069 1008 3158 protentissima
1024 3072 1106 3148 acie,
1129 3095 1243 3136 versus

122 3173 268 3236 lusulam
286 3171 440 3259 profecti,
457 3173 549 3258 juxta
564 3172 707 3236 tentoria
730 3172 817 3260 regis
837 3171 878 3235 ad
894 3171 1085 3237 distantiam
1102 3173 1243 3238 duorum

122 3273 170 3338 vel
187 3274 289 3339 trium
306 3273 488 3338 stadiorum
507 3288 614 3338 castra
629 3297 699 3354 sua,
714 3297 778 3361 que
790 3273 1019 3339 eorumaciem
1038 3275 1071 3339 in
1089 3276 1243 3340 curribus

152 3565 175 3612 l.
194 3565 231 3611 Lu
243 3563 422 3610 saint-Michel
435 3563 522 3610 tombs
536 3564 599 3610 1029
616 3569 682 3625 sept.
695 3563 730 3610 Lu
739 3563 798 3610 date
812 3563 875 3610 fixoe
888 3562 937 3610 ula
950 3563 1121 3626 capitulation
1136 3565 1166 3611 de
1180 3564 1244 3613 Lille

123 3643 172 3689 par
184 3627 208 3673 le
221 3625 297 3674 truite
311 3626 374 3673 etnit
384 3627 412 3673 *lc
425 3628 455 3672 23
468 3631 535 3688 sept.

152 3691 174 3736 2.
195 3689 266 3736 Nous
278 3688 361 3735 lisons
381 3705 411 3735 en
425 3688 485 3735 effet
497 3689 563 3735 duos
582 3687 656 3734 l'acte
674 3703 705 3735 :a
720 3687 779 3734 Doit
793 3688 818 3734 la
832 3688 893 3734 ville
907 3687 937 3734 de
954 3687 1019 3735 Lille
1038 3688 1119 3736 livrer
1139 3696 1244 3753 ostuges

123 3767 184 3860 ceps
195 3751 353 3860 &filialis
374 3829 406 3858 ne
425 3819 483 3859 sont
502 3828 550 3874 pas
571 3819 668 3860 exacts.
689 3811 810 3874 Philippe
828 3812 859 3858 de
879 3811 980 3858 Tbiettc
998 3819 1023 3858 et
1042 3813 1080 3860 les
1098 3813 1244 3861 chevaliers

122 3875 252 3922 llamands
266 3876 382 3938 asvieges
396 3875 461 3922 dans
476 3875 548 3929 Lille,
563 3873 638 3920 d'une
651 3881 720 3936 part,
738 3874 847 3921 Churles
862 3873 893 3919 de
910 3873 997 3920 Vulois
1011 3881 1036 3920 et
1052 3876 1090 3922 les
1108 3892 1244 3938 represen-

122 3944 192 3984 tants
207 3937 241 3984 du
255 3938 292 3984 roi
304 3938 335 3983 de
351 3938 455 3992 France,
468 3936 499 3983 de
508 3937 608 3990 l'autre‚
622 3939 759 3998 passerent
770 3953 802 3982 un
815 3936 892 3982 truite
902 3952 933 3982 en
945 3936 1046 3982 datedu
1058 3937 1087 3983 tt
1096 3939 1245 4000 septembre

124 4000 194 4056 1304,
208 3999 312 4062 d'apres
324 4000 408 4061 lequel
422 3999 486 4047 Lille
499 3998 587 4045 devait
599 3999 728 4060 capitulor
741 4000 764 4046 le
777 4001 806 4044 23
820 3998 977 4060 septembre,
993 3998 1054 4046 sila
1069 4000 1144 4062 place
1157 4003 1247 4049 n¹c'tait

125 4060 700 4171 ⁸⁰⁰⁰¹¹milulllllffllllllllffllll-¹1⁵3
713 4060 1247 4172 dllllltllbllllll‘adelllllllsll

124 4126 312 4248 {ildirilfflcdcridn
326 4141 464 4249 {pupppar
477 4158 740 4248 Brun-ltdvainnelet
753 4187 790 4231 les
804 4139 925 4231 echeiins
939 4191 964 4232 et
977 4139 1117 4250 boddgecis
1135 4187 1166 4234 de
1179 4143 1244 4235 Lille

124 4247 155 4296 dc
167 4249 261 4296 l'autrc
274 4249 381 4312 (orlgin.
395 4265 445 4296 aux
458 4247 582 4295 Archives
598 4248 685 4304 nut.,.l
703 4249 755 4308 545,
771 4257 798 4292 n⁰
812 4247 834 4310 3)
847 4246 991 4294 ratifiereut
1002 4253 1042 4294 cet
1055 4254 1119 4295 acte.

193 4338 395 4378 Funcu-llusurano.
407 4361 431 4368 -
443 4338 529 4377 Aruiates
539 4337 659 4379 Garideuses.
1182 4341 1193 4376 [t
