3178 5192
394 402 425 462 at
774 401 923 466 laninas
941 401 1135 466 cannensis
1451 403 1499 462 no

395 544 525 596 astutus
548 544 581 596 et
598 545 717 619 potens
742 532 776 596 in
799 531 941 598 consilio
969 531 1076 622 regis;
1105 556 1217 598 canses
1242 532 1284 597 de
1302 533 1498 606 Albamarlm

394 633 567 702 comesus
589 633 717 723 Augi¹;
740 633 895 700 dominus
923 635 965 699 de
986 635 1130 723 Nigella,
1152 634 1387 713 marescallus,
1409 634 1501 698 idest

394 735 551 825 princeps
569 735 685 802 militie
701 738 853 816 Francis,
877 761 951 801 cum
973 735 1128 804 Guidone
1144 737 1245 802 sratre
1262 762 1334 816 suo,
1354 736 1500 816 strenuis·

394 839 479 905 simo
499 838 620 917 milite3
638 853 672 904 et
691 837 747 904 alii
765 841 910 906 barones
923 852 957 904 et
971 852 1136 904 terrarum
1156 839 1342 928 principes,
1361 841 1407 904 ita
1422 839 1501 903 nobi·

394 939 450 1006 les
465 952 498 1005 et
514 941 625 1031 magni
653 955 685 1006 et
710 951 883 1028 potentes,
907 940 992 1008 sicut
1015 940 1108 1006 multi
1133 940 1329 1008 Alemannis
1356 942 1500 1018 comites,

393 1053 498 1134 usque
535 1045 747 1133 septuaginta
776 1042 936 1131 quinque.
963 1042 1087 1110 Milites
1114 1044 1284 1131 simplices
1312 1045 1390 1133 plus
1417 1067 1501 1132 quam

394 1145 498 1224 mille,
516 1145 671 1234 armigeri
683 1145 813 1210 nobiles
827 1145 919 1210 multi
931 1145 1039 1224 valde,
1055 1157 1089 1210 et
1099 1144 1248 1233 peditum
1266 1145 1501 1234 quamplurimi

392 1246 529 1314 ibidem¹
546 1259 761 1326 corrueruut;
787 1246 1031 1314 dextrariorum
1066 1248 1165 1312 etianr
1194 1247 1451 1313 fortissimorum
1476 1257 1503 1310 et

392 1359 552 1438 equorum
569 1351 686 1439 magni
699 1349 799 1437 pretii
818 1350 895 1438 plus
910 1373 1007 1437 quam
1020 1348 1084 1414 tria
1102 1347 1202 1414 millia
1219 1349 1366 1416 confossi
1386 1362 1461 1416 sunt
1474 1347 1501 1410 in

392 1451 595 1518 dictobcllo.
612 1454 778 1518 Numerus
791 1452 978 1518 occisorum
994 1453 1027 1518 in
1046 1451 1164 1540 prelio,
1188 1453 1239 1518 vel
1259 1453 1301 1518 de
1317 1452 1501 1519 vulneribus

390 1552 426 1618 in
443 1578 486 1618 eo
507 1555 656 1642 acceptis
676 1553 822 1620 breviter
839 1567 954 1642 postea
971 1567 1191 1635 mortuorum,
1213 1579 1317 1644 usque
1333 1555 1377 1620 od
1394 1550 1500 1644 viginti

390 1656 494 1722 millia
509 1655 682 1738 hominum
704 1657 871 1745 pervenit,
892 1658 996 1722 multo
1015 1670 1125 1724 tamen
1147 1658 1260 1746 plures
1283 1656 1499 1748 effugerunt

391 1759 462 1824 Sed·
474 1771 544 1826 tota
562 1756 691 1836 militia,
707 1781 772 1847 que
787 1759 859 1848 regi
879 1759 1051 1839 remansit,
1070 1759 1200 1839 militie,
1217 1783 1282 1848 que
1300 1759 1348 1826 ibi
1369 1757 1498 1832 corruit,

390 1860 467 1926 dnm
494 1860 637 1939 viveret,
662 1885 728 1924 non
752 1873 825 1926 erat
847 1860 1085 1950 equiparanda.
1109 1865 1189 1928 Post
1210 1861 1385 1928 victoriam
1414 1861 1500 1926 Flan-

389 1963 816 2052 drenaesaliquosnobiles
826 1977 1002 2051 ceperunt,
1018 1966 1123 2052 quiin
1137 1990 1255 2054 campo
1269 1975 1499 2037 remanserant,

389 2065 552 2131 vulnerati
575 2066 691 2156 lugere
721 2089 790 2130 non
817 2066 984 2144 valentes;
1014 2067 1109 2132 valde
1141 2067 1241 2132 etiam
1268 2067 1309 2132 de
1339 2067 1444 2156 preda
1474 2077 1500 2128 et

388 2167 504 2257 spoliis
520 2166 731 2232 inimicorum
744 2191 878 2234 suorum
891 2168 986 2233 ditati
1004 2171 1116 2249 suntt,
1134 2182 1167 2234 et
1183 2171 1284 2234 armis
1303 2183 1335 2236 et
1355 2165 1500 2234 tentoriis

387 2270 643 2358 etvparamentis
662 2269 792 2336 bellicis
810 2270 929 2336 muniti
946 2283 979 2336 et
996 2271 1183 2336 decorarit.

417 2466 439 2513 l.
459 2467 492 2513 Le
506 2482 555 2513 ms.
568 2465 600 2512 de
613 2465 688 2514 Gand
700 2465 780 2513 luisse
792 2466 816 2512 le
827 2472 921 2513 moten
934 2467 1025 2521 blanc;
1037 2466 1087 2514 l'e'd
1107 2466 1138 2513 de
1147 2466 1283 2514 llambour
1313 2474 1390 2530 porte
1402 2479 1499 2514 «comes

386 2526 418 2579 de
429 2528 478 2578 Gai
488 2544 493 2583 ;
502 2545 514 2576 a
523 2543 589 2578 none
599 2528 742 2577 n'besitoas
750 2532 820 2591 pasis
828 2528 939 2592 adopter
946 2527 1082 2578 inversion
1091 2532 1221 2592 proposes
1228 2483 1469 2595 parlappenberg.

416 2593 439 2640 2.
456 2589 538 2639 Gilles
552 2590 579 2640 ti
590 2589 691 2645 Maluit.
701 2591 808 2640 abbede
821 2591 1006 2640 Salat-Martia
1017 2591 1050 2640 dc
1062 2591 1186 2648 Tuus-ani,
1199 2593 1282 2656 parle,
1296 2609 1327 2640 en
1339 2609 1384 2640 ces
1404 2599 1499 2641 termes,

385 2653 431 2702 des
445 2653 552 2716 foyer-ds
565 2653 610 2715 qui
620 2653 768 2700 arrivsrent
778 2654 844 2702 dens
856 2654 883 2702 lu
895 2653 956 2702 ville
969 2669 975 2702 ι
990 2654 1154 2716 «Fugientes
1170 2659 1257 2702 autem
1274 2655 1301 2702 in
1316 2654 1431 2704 diversis
1444 2650 1500 2700 locis

386 2733 413 2764 se
426 2721 568 2768 verterunt.
602 2731 648 2764 ars
661 2731 712 2764 una
725 2732 817 2766 versus
833 2716 921 2764 villum
934 2716 1107 2770 insulensem.
1121 2723 1147 2764 et
1159 2733 1222 2779 pars
1235 2717 1289 2766 alia
1301 2733 1396 2768 versus
1408 2717 1500 2767 Torna-

384 2795 451 2835 eum,
475 2785 500 2828 et
521 2729 679 2826 videbantur
705 2779 736 2827 de
758 2779 877 2828 turribus
907 2779 1084 2826 Beate-Maris
1108 2779 1282 2828 Tornacensis
1303 2785 1329 2827 et
1353 2773 1499 2829 monasterii

385 2844 410 2888 S.
422 2840 538 2897 Martini,
550 2846 576 2888 et
585 2841 743 2889 deturribus
756 2840 819 2888 ville
832 2841 921 2890 venire
932 2841 1062 2903 fugientes
1074 2857 1122 2903 per
1135 2841 1201 2897 vias,
1215 2858 1262 2904 per
1277 2858 1363 2905 sepes,
1378 2859 1427 2906 per
1438 2853 1498 2886 cam·

383 2919 440 2966 pos,
461 2919 519 2950 cum
540 2904 719 2975 taniacopie,
739 2904 810 2966 quod
829 2903 902 2950 nullo
924 2904 1001 2950 modo
1021 2910 1091 2952 esset
1109 2903 1234 2952 credibile
1254 2904 1377 2954 omuibus
1398 2901 1443 2968 qui
1456 2915 1498 2948 non

384 2966 513 3013 viderunt.
528 2965 687 3014 Etdimissrs
699 2965 818 3013 tentoriis
831 2973 857 3014 et
870 2965 991 3022 sarcinis,
1006 2967 1093 3014 omnia
1107 2983 1153 3014 sun
1169 2983 1217 3029 pro
1232 2967 1326 3028 majori
1341 2973 1419 3030 purte
1433 2961 1499 3012 dimi·

383 3038 482 3087 serunt,
497 3034 523 3074 et
541 3027 567 3074 in
589 3027 709 3090 pluribus
723 3028 788 3076 locis
807 3044 822 3076 u
841 3028 969 3076 Curtraco
981 3029 1113 3090 usquead
1130 3028 1225 3076 exitum
1246 3029 1305 3076 ville
1322 3029 1354 3076 de
1369 3025 1498 3100 Dotignius

381 3091 471 3200 plures
488 3092 594 3138 fuerunt
611 3090 718 3152 spoliati
733 3096 758 3136 et
771 3090 865 3146 occisi;
886 3092 956 3138 etin
975 3107 1084 3154 vespere
1097 3097 1123 3140 et
1138 3091 1165 3138 in
1178 3091 1293 3139 erastino
1309 3092 1439 3154 Flamingr
1452 3092 1498 3136 totu

399 3153 423 3202 ie
443 3153 635 3201 circumeuntes
656 3167 779 3215 campum
796 3153 828 3200 de
847 3153 1022 3215 Groninghes,
1045 3169 1110 3215 quos
1130 3155 1298 3216 reperiebant
1314 3171 1365 3202 non
1387 3158 1497 3202 mortuos

381 3215 543 3271 occidebant,
557 3221 583 3262 et
593 3216 619 3260 in
631 3230 734 3287 eampo,
754 3215 781 3262 in
798 3215 918 3262 tentoriis
933 3221 959 3264 et
976 3215 1087 3262 sarcinis
1101 3221 1259 3274 armaturas,
1270 3217 1368 3279 jocalia
1382 3211 1497 3278 essperia

381 3277 479 3326 lucrati
489 3283 558 3334 sunt,
573 3293 624 3339 quo
634 3279 779 3340 plurimum
792 3283 853 3326 sunt
867 3277 952 3325 ditati.
965 3277 1162 3326 Gubernatores
1176 3285 1264 3326 antem
1274 3278 1390 3328 civitatis
1404 3279 1497 3344 Toron·

381 3340 466 3388 censis
483 3339 601 3388 videntes
619 3345 659 3388 tot
675 3339 809 3388 venientes
824 3346 850 3386 et
871 3355 979 3388 causam
1001 3341 1062 3402 luge
1079 3339 1224 3388 nescientes
1237 3347 1263 3388 et
1275 3341 1399 3390 timentes
1413 3336 1497 3404 prodr-

380 3402 473 3460 tiones,
486 3401 578 3450 habito
594 3401 713 3457 coneilio,
734 3408 826 3475 portus
846 3402 961 3450 civitatis
979 3403 1084 3450 clausus
1103 3408 1244 3451 tenuerunt
1261 3410 1286 3451 et
1299 3411 1426 3460 serratas,
1440 3399 1496 3448 adeo

380 3465 448 3527 quoa
463 3479 549 3512 comes
564 3463 687 3518 escaus.
701 3479 746 3527 qui
759 3469 817 3512 erat
827 3464 859 3510 de
873 3464 1045 3537 fugientibus,
1056 3465 1155 3512 intrare
1166 3481 1217 3512 non
1230 3465 1314 3514 valuit
1326 3471 1352 3514 et
1362 3466 1390 3514 in
1404 3476 1497 3514 mones·

379 3528 447 3576 terio
459 3529 485 3576 S.
506 3525 753 3576 Nicolat·de-Pratis
769 3527 819 3574 luit
837 3527 885 3574 hus
907 3534 997 3575 naeus.
1013 3528 1045 3574 Et
1061 3527 1087 3574 in
1101 3527 1236 3580 suburbiis
1249 3528 1319 3576 circa
1331 3529 1463 3578 civitatem
1473 3527 1495 3568 el

379 3590 406 3636 iu
425 3590 497 3638 villis
516 3587 664 3636 forensibus
682 3595 756 3636 tantu
776 3543 915 3636 multicolis
939 3589 988 3636 luit
1005 3589 1122 3652 equitum
1144 3595 1170 3638 et
1187 3591 1314 3653 peditum,
1337 3591 1380 3653 qni
1405 3595 1495 3638 tautum

380 3655 477 3700 lamam
500 3651 678 3714 patiebantur,
698 3652 768 3714 quod
790 3650 880 3700 videre
897 3651 947 3699 luit
974 3652 1109 3707 horribile,
1131 3659 1157 3700 et
1175 3652 1219 3715 qui
1244 3658 1387 3717 potuerunt
1405 3652 1495 3702 habere

378 3730 460 3777 panes
478 3721 552 3762 extre
570 3713 661 3762 villam
678 3729 727 3776 pro
742 3713 856 3776 panibus
873 3713 973 3764 dubunt
986 3730 1047 3762 suas
1061 3720 1226 3771 armaturam
1241 3722 1266 3767 et
1280 3716 1431 3764 decivitate
1448 3717 1495 3760 tote

379 3783 454 3826 nnete
469 3782 494 3824 et
515 3775 540 3822 in
560 3776 676 3824 crastino
689 3776 730 3824 illi
747 3774 791 3838 qui
804 3775 978 3826 intraverunt.
993 3776 1018 3824 in
1032 3783 1133 3824 tuntum
1147 3777 1314 3829 dubitabant.
1329 3779 1398 3841 quod
1412 3777 1494 3841 plures

378 3840 537 3888 manducare
554 3855 604 3885 non
623 3843 746 3901 poterant
761 3838 879 3886 exterriti
897 3853 945 3901 pre
962 3838 1066 3888 timore.
1081 3857 1092 3885 r
1107 3839 1184 3888 Publ.
1202 3855 1252 3902 pur
1265 3841 1301 3888 De
1312 3843 1394 3899 Smer,
1407 3843 1494 3900 Corprr

379 3901 466 3950 claron.
479 3900 618 3957 Ftaadrtae,
633 3902 666 3958 ll,
688 3901 782 3950 tas-96.

407 3968 430 4012 3.
448 3965 483 4012 Le
495 3963 642 4012 lendemain
656 3965 693 4011 les
707 3963 848 4010 Flamunds
861 3962 1053 4025 depouill'ereut
1066 3964 1104 4010 les
1115 3963 1256 4018 cadavres,
1277 3981 1310 4012 on
1327 3981 1358 4014 en
1370 3964 1452 4014 laissa
1464 3973 1492 4006 1111

376 4027 462 4136 {rand
475 4026 585 4074 nombre
597 4033 653 4074 tout
666 4042 724 4074 nus.
736 4024 864 4088 Velthem‚
879 4025 980 4089 Spiegel
991 4023 1136 4082 lu'atoriaal,
1149 4026 1196 4076 liv.
1212 4027 1254 4083 tv,
1268 4029 1345 4091 cbap.
1359 4031 1398 4084 39,
1413 4044 1439 4090 p·
1454 4021 1493 4070 263

397 4107 410 4138 e
423 4090 482 4138 l'ed.
497 4087 533 4138 Le
545 4089 627 4152 Long.

405 4155 430 4201 lt.
447 4153 483 4200 La
495 4151 604 4199 botuilie
614 4151 646 4198 de
659 4149 780 4202 (lourtrui
793 4155 833 4198 est
847 4150 920 4197 aussi
934 4167 948 4198 a
970 4152 1043 4212 petae
1056 4149 1101 4198 des
1116 4150 1229 4212 Eporoaa
1239 4152 1296 4198 d'er
1307 4156 1323 4200 a
1336 4169 1413 4200 cause
1429 4149 1458 4196 dc
1470 4146 1492 4192 lt

374 4216 475 4277 grande
491 4213 609 4278 quentite'
622 4213 759 4287 tl’eperonr
776 4211 853 4260 dores
868 4212 933 4260 dont
948 4167 988 4262 les
1010 4212 1152 4263 Flsmands
1172 4213 1293 4262 aurulent
1308 4213 1440 4278 de'pouille
1458 4209 1489 4256 les

377 4278 525 4326 chevaliers
540 4279 665 4337 franceis.
709 4319 714 4328 ,
