3154 5190
151 421 211 477 taaa
527 419 678 478 lanatus
696 420 891 479 circumsita
1240 423 1271 478 aa

149 571 300 626 numero,
319 559 352 612 et
367 546 409 612 ad
423 546 508 612 bella
526 545 703 634 proniores
719 559 752 610 et
767 546 961 625 atrociores,
982 546 1063 610 licet
1074 543 1136 611 'atii
1156 562 1269 614 esseut

148 649 286 716 ditiores
315 645 622 715 et'cautelosiores.
651 650 785 715 Summa
820 649 923 738 igitur
953 673 1028 714 cum
1056 650 1269 715 festinatione

148 751 282 839 quidam
305 750 487 839 prudentes
508 775 548 815 ex
572 749 763 816 consentire
783 750 989 828 volentibus,
1012 749 1163 816 videntes
1184 776 1220 816 se
1238 765 1271 816 et

147 879 225 918 suos
246 854 280 918 in
304 853 446 918 maximo
472 855 601 941 positos
620 854 786 942 periculo,
809 852 1001 920 consentire
1018 854 1173 919 uolentes
1193 855 1271 918 allo·

148 955 229 1033 cuti,
248 956 369 1024 blande
385 955 433 1020 eis
454 968 704 1043 persuaserunt,
732 969 768 1020 ut
793 969 934 1045 utraque
954 979 1032 1046 pars
1058 956 1272 1022 concorditer

147 1071 291 1148 quatuor
316 1060 421 1124 bonos
443 1071 477 1123 et
501 1059 617 1123 fideles
638 1059 725 1123 viros
750 1059 917 1150 eligerent
933 1059 975 1123 de
993 1059 1087 1136 villa,
1110 1083 1194 1148 quos
1210 1083 1271 1148 pro

150 1161 199 1228 eis
218 1162 257 1226 ad
286 1162 411 1226 curiam
430 1162 521 1251 regis
545 1173 780 1249 procuratores
805 1174 839 1226 et
859 1161 1062 1226 mediatores
1081 1161 1270 1240 mitterent,

150 1264 370 1353 inquisituros
387 1262 557 1329 humiliter
573 1277 604 1328 et
619 1263 893 1355 investigaturos,
911 1277 1021 1329 utrum
1042 1264 1083 1329 ab
1102 1263 1175 1353 ipso
1196 1289 1273 1354 rege

150 1368 293 1456 aliquam
315 1379 443 1454 gratam
468 1380 502 1431 et
524 1365 689 1432 mitiorem
713 1367 913 1432 sententiam
939 1367 1092 1431 obtinere
1111 1367 1271 1432 valerent.

150 1473 355 1557 Factumque
389 1481 440 1534 est
472 1467 534 1548 ita,
570 1481 604 1533 et
638 1467 826 1559 indignatio
864 1468 1054 1534 consentire
1088 1468 1273 1534 nolentium

101 1634 105 1640 ,
151 1571 290 1659 quievit.

198 1674 306 1741 Simili
322 1673 420 1738 etiam
436 1674 534 1738 modo
558 1673 621 1738 alie
641 1671 718 1738 ville
739 1672 896 1739 Flandrie
919 1687 1153 1761 procuratores
1179 1673 1273 1740 mise·
1356 1753 1359 1762 ,

150 1777 242 1855 runt,
265 1788 405 1863 propter
420 1774 574 1839 timorem
595 1771 799 1864 vulgarium,
821 1774 943 1862 quibus
959 1799 1076 1840 omnes
1093 1775 1224 1840 nobiles
1243 1789 1275 1840 et

152 1879 294 1966 majores
316 1877 463 1965 suspecti
491 1889 598 1956 eraut,
627 1875 868 1957 estimantium,
895 1875 983 1966 quod
1013 1889 1119 1942 totum
1141 1877 1275 1966 pondus

150 1980 292 2045 emeude
309 1992 343 2044 ct
356 1978 543 2068 punitionis
561 1980 595 2042 iu
619 1979 730 2068 ipsos,
756 2003 821 2043 uon
847 1977 881 2043 in
909 1978 1041 2044 nobiles
1062 1992 1094 2044 et
1114 1982 1273 2068 majores,

148 2095 354 2161 verteretur,
377 2095 410 2146 et
431 2082 521 2169 quod
541 2083 576 2145 in
594 2079 789 2146 vilissimam
807 2081 1043 2171 redigerentur
1067 2081 1273 2166 servitutem,

150 2185 229 2249 siin
246 2183 430 2273 predictam
450 2185 587 2248 formam
604 2183 697 2272 pacis
710 2183 914 2249 unanimiter
931 2181 1193 2264 consensissent,
1216 2210 1276 2274 per

152 2286 267 2352 duram
303 2286 460 2351 adversus
488 2309 522 2349 se
554 2298 621 2350 tam
659 2287 863 2351 Francorum
894 2311 991 2374 quam
1020 2285 1275 2351 Flandreusium

152 2388 314 2454 nobilium
328 2401 361 2453 et
377 2391 537 2476 majorum
553 2387 819 2476 conceptionem.

198 2491 266 2557 Rex
288 2503 397 2556 autem
420 2502 453 2555 et
478 2488 662 2555 consiliarii
680 2490 731 2554 sui
753 2490 924 2578 principes
945 2503 977 2556 et
1003 2486 1134 2556 nobiles
1160 2516 1275 2557 omnes

151 2593 408 2659 commotionem
427 2591 611 2681 vulgarium
633 2606 665 2657 et
684 2592 953 2682 indignationem
971 2593 1209 2674 formidantes,
1234 2598 1275 2660 ab

149 2695 190 2762 iis
223 2719 286 2783 que
318 2709 557 2784 conceperant,
585 2693 798 2760 dissimulare
832 2694 874 2758 ad
905 2708 1038 2784 tempus
1073 2710 1273 2763 statuerunt.

150 2799 390 2887 Remansitque
410 2810 497 2863 terra
518 2795 689 2876 Flandrie,
718 2797 783 2863 isto
807 2821 907 2875 anno,
928 2797 962 2862 in
989 2797 1124 2886 aliquali
1144 2801 1273 2889 quiete,

150 2926 218 2966 nou
242 2915 350 2966 tamen
376 2899 488 2978 totali,
511 2899 588 2989 quia
615 2925 726 2964 comes
749 2900 929 2979 Robertus,
953 2925 1071 2990 parum
1091 2901 1218 2966 habens
1235 2902 1276 2967 de

150 3003 286 3094 propria
306 3002 483 3082 industria,
505 3000 645 3066 oonsilio
659 3025 738 3066 usus
759 3002 964 3089 aliquorum,
983 3002 1092 3068 minus
1117 3003 1158 3069 de
1179 3005 1276 3070 boui·

149 3120 218 3172 tate
234 3119 267 3170 et
285 3105 423 3171 veritate
443 3106 653 3182 habentium,
673 3103 730 3193 qui
751 3105 847 3169 valde
864 3106 926 3168 sub
942 3103 1016 3194 ipso
1032 3105 1277 3171 ditabantur-

150 3221 246 3275 erant
271 3195 359 3272 enim
384 3231 558 3272 munerum
586 3220 799 3296 acceptoreS,
816 3207 1083 3295 —tyrannizare
1109 3209 1214 3298 cepit,
1244 3225 1278 3275 et

150 3310 293 3400 cupidus
308 3323 441 3376 exactor
456 3333 557 3398 super
572 3333 701 3386 omnes,
723 3309 846 3396 quibus
866 3308 1038 3397 prevalere
1054 3310 1176 3398 potuit,
1194 3310 1277 3377 exis·

149 3425 234 3478 tere.
257 3412 353 3479 Unde
372 3411 525 3501 vulgares
546 3411 580 3475 in
602 3411 728 3490 Wasia,
751 3410 840 3474 circa
860 3411 959 3475 finem
975 3409 1072 3476 istius
1088 3411 1180 3493 anui,
1198 3438 1276 3505 erga

149 3515 260 3606 ipsum
277 3514 477 3579 rebellantes
494 3526 526 3578 et
542 3507 711 3595 commoti,
736 3513 830 3576 abeo
850 3527 1077 3604 congregante
1093 3515 1276 3581 exercitum

150 3616 313 3683 nobilium
331 3618 413 3682 dure
433 3627 511 3680 sunt
527 3615 709 3704 subjugati,
727 3615 879 3704 factaque
893 3615 1123 3706 inquisitione,
1144 3618 1278 3684 circiter

152 3721 268 3787 .XXV.
292 3719 458 3808 capitanei
474 3719 622 3806 ipsorum
642 3716 683 3781 de
703 3730 791 3782 terra
807 3717 964 3782 Flandrie
985 3732 1063 3783 sunt
1080 3720 1223 3801 banniti,
1244 3736 1278 3787 et

150 3824 300 3912 quinque
315 3821 371 3886 alii
388 3820 590 3911 deprehensi
605 3817 806 3908 crucifragio
826 3820 1032 3908 interempti.
1050 3820 1147 3888 Villis
1167 3837 1277 3888 tamen

150 3922 414 4016 principalibus,
437 3923 584 4010 quamvis
610 3921 790 4009 plurimum
816 3920 857 3985 ad
878 3923 942 3986 hoe
964 3924 1138 4005 niteretur,
1161 3951 1277 4014 preva-

148 4029 222 4093 lere
237 4051 302 4092 nou
320 4027 442 4115 potuit,
462 4024 538 4112 quia
554 4023 696 4088 viriliter
712 4048 786 4088 suas
805 4023 977 4089 libertates
991 4025 1230 4093 defendebant.

197 4130 268 4194 Hoc
292 4152 395 4206 annu,
419 4125 508 4191 nulla
531 4149 613 4190 nova
642 4126 802 4190 notabilia
823 4126 1029 4205 acciderunt,
1049 4130 1113 4192 nisi
1135 4132 1224 4218 quod
1244 4133 1277 4195 iu
1361 4161 1364 4168 ·

150 4230 260 4320 ipsius
280 4243 385 4296 estate
401 4227 663 4294 innumerabiles
680 4228 834 4318 vulgares
851 4229 892 4293 de
907 4239 997 4294 terra
1011 4229 1146 4320 Anglie,
1169 4231 1276 4298 Picar-
