3154 5190
119 446 187 494 l304
509 446 658 496 ANNALES
674 448 868 498 oluuuusns
1217 453 1245 499 77

119 563 277 628 tissimus
291 564 424 653 qnidam
444 563 538 630 miles
556 577 588 630 et
604 566 685 631 baro
705 565 747 631 de
765 565 921 644 Francia,
943 568 1036 654 cnjus
1059 566 1244 657 cognomen

120 665 244 754 sepius
258 666 368 732 audivi
388 667 447 732 sed
467 667 592 732 oblitus
618 669 726 748 euml,
753 668 897 748 occisus,
920 670 1051 758 bajulus
1075 670 1246 758 cujusdam

119 768 251 848 vexilli,
276 769 366 858 quod
390 769 509 835 Franci
531 784 653 837 vocant
677 769 875 851 Olillammn,
908 772 949 839 de
978 797 1044 861 quo
1067 773 1246 862 plurimum

117 870 278 937 solebant
293 872 463 938 confidere
480 873 572 938 etde
590 898 630 940 eo
651 875 754 940 multa
769 875 919 940 fabulosa
935 899 1102 956 enarrare,
1120 877 1246 966 ipsum-

119 997 189 1060 que
207 997 225 1036 a
240 977 264 1040 F
268 973 503 1040 landrensibus
519 989 570 1040 est
587 977 621 1040 in
638 977 741 1042 frusta
761 978 967 1042 conscissum
987 977 1038 1043 vel
1056 977 1244 1068 diruptum.

165 1077 394 1142 Flaudrenses
414 1076 529 1167 igitur,
547 1079 754 1170 fngientibus
767 1081 829 1144 hac
847 1093 879 1144 et
894 1079 971 1144 illac
989 1079 1145 1146 omnibus
1166 1082 1246 1146 hos-

118 1176 216 1244 tibus
233 1177 313 1258 suis,
332 1203 437 1268 usque
454 1179 494 1244 nd
510 1179 744 1268 crepusculum
763 1193 796 1244 et
816 1181 976 1268 usquead
993 1180 1137 1246 tentoria
1157 1183 1245 1272 regis

120 1305 181 1346 eos
209 1294 288 1348 sunt
306 1282 462 1362 insecuti,
494 1283 539 1347 ita
559 1282 655 1371 ‘quod
675 1281 811 1372 quidam
842 1282 954 1348 exeis
984 1283 1024 1348 de
1046 1283 1245 1350 victualibus

119 1386 331 1448 Francorum
350 1396 544 1473 rapuerunt.
563 1386 713 1473 Cumque
734 1384 769 1448 in
787 1385 998 1474 crepusculo,
1019 1385 1148 1452 oriente
1168 1388 1244 1452 luna

119 1487 294 1551 -fuerat
329 1488 416 1552 enim
450 1487 646 1576 precedenti
679 1487 733 1554 die
769 1487 1005 1577 plenilunium,
1027 1527 1070 1538 --
1092 1489 1245 1555 audirent

122 1589 288 1678 quosdam
305 1591 452 1656 hostium
476 1588 605 1679 equites
632 1614 706 1656 oum
728 1589 844 1656 cuneis
870 1587 942 1664 satis
960 1615 1027 1656 non
1048 1591 1187 1658 multum
1206 1593 1246 1658 ab

122 1689 171 1756 eis
187 1716 263 1757 esse
279 1705 437 1769 remotos,
457 1715 525 1758 non
543 1693 719 1758 videbatur
738 1691 786 1758 eis
799 1705 907 1758 tutum
925 1693 973 1758 ibi
986 1693 1043 1759 diu
1060 1718 1244 1761 remanere.

122 1793 304 1860 'limabant
320 1796 421 1874 enim,
442 1796 536 1885 quod·
553 1795 602 1861 illi
617 1797 744 1876 hostes,
767 1794 824 1885 qui
837 1797 929 1883 juxta
948 1821 1006 1862 eos
1025 1810 1131 1876 erant,
1150 1809 1246 1887 pote-

123 1911 199 1962 raut
218 1898 315 1977 alios,
327 1899 389 1987 qui
405 1897 511 1989 magis
529 1899 646 1986 procul
662 1899 828 1990 fugerant,
843 1924 918 1963 cum
936 1899 1062 1964 nuntiis
1079 1924 1245 1974 revocare.

123 2013 155 2063 et
176 2001 226 2065 sic
247 2025 317 2081 eos,
341 2000 420 2066 luna
440 2000 561 2066 clarius
583 2001 800 2090 splendente,
827 2001 933 2068 lassos
958 2015 990 2066 et
1013 2003 1116 2070 fessos
1136 2004 1246 2092 etqui

122 2127 183 2190 per
205 2127 361 2192 magnum
381 2117 516 2192 tempus
536 2103 621 2168 nihil
641 2102 707 2168 cibi
729 2115 960 2193 gustaverant,
986 2103 1246 2195 circumquaque

122 2203 296 2270 invadere.
317 2205 425 2284 Unde,
442 2219 574 2294 sumpto
595 2204 750 2286 consilio,
772 2205 864 2270 lento
883 2230 1002 2297 gressu
1018 2231 1133 2273 versus
1153 2221 1246 2274 mon·

122 2320 190 2372 tem
226 2309 455 2374 Pavellcnsem
493 2321 570 2374 sunt
604 2307 741 2374 reversi.
781 2311 855 2393 Quo
889 2333 964 2374 cum
998 2310 1243 2398 pervenissent.

122 2412 224 2499 primi
238 2435 364 2492 eorum,
378 2410 530 2477 buccinis
546 2410 691 2490 bellicis,
707 2435 771 2500 que
787 2410 969 2500 vulgariter
982 2427 1110 2500 trumpe
1128 2437 1244 2478 vocan-

123 2525 191 2592 tur,
214 2515 410 2607 clangentes
430 2527 598 2602 tamquam
621 2512 782 2592 victores,
805 2537 921 2578 omnes
944 2513 1053 2580 socios
1079 2539 1169 2594 snos,
1188 2515 1245 2604 qui

123 2617 187 2683 hac
202 2631 235 2682 et
246 2616 432 2692 illao,viam
448 2617 649 2696 nescientes,
667 2639 741 2681 cum
753 2614 871 2681 turmis
888 2615 957 2681 suis
973 2615 1119 2705 dispersi
1136 2632 1243 2697 erant,

124 2731 157 2783 et
172 2719 338 2808 quosdam
353 2719 465 2797 etiarn,
488 2720 545 2807 qui
566 2717 628 2783 soli
649 2731 763 2797 erant,
784 2732 821 2783 ut
835 2718 886 2783 illi
906 2718 963 2807 qui
984 2720 1018 2783 in
1036 2718 1246 2786 insecutione

124 2821 272 2886 hostium
284 2821 474 2887 ceciderant
484 2834 518 2886 et
527 2834 643 2910 postea
655 2833 880 2899 surrexerant,
893 2821 1245 2901 coadunantes,aeiem

125 2947 280 3016 magnam
300 2924 395 2988 valde
421 2935 680 3014 congregarunt.
707 2925 756 2988 Ex
782 2946 847 3010 quo
865 2922 950 3004 loco,
974 2947 1048 2987 oum
1071 2922 1107 2988 in
1125 2948 1164 2988 eo
1184 2923 1245 2988 ali·

125 3027 322 3114 quantulum
341 3049 431 3092 more
447 3027 661 3115 quiescentes
676 3025 929 3104 contraherent,
950 3025 1017 3092 alto
1032 3039 1065 3090 et
1085 3025 1245 3092 eminenti

124 3129 281 3194 viderunt
293 3153 367 3194 cum
383 3128 505 3220 gaudio
526 3131 671 3195 Francos
686 3151 761 3192 cnm
777 3128 895 3193 turmis
909 3126 1068 3193 etcuneis
1081 3151 1242 3208 reversos,

125 3233 274 3297 accensis
294 3231 411 3296 suculis
436 3244 469 3296 et
489 3231 596 3296 cereis
620 3229 691 3296 suis
711 3230 840 3320 magnis
865 3228 985 3309 toreis,
1007 3253 1081 3294 cum
1104 3228 1245 3294 maxima

126 3333 342 3400 mestitudine
373 3346 520 3398 mortuos
544 3357 621 3398 suos
656 3330 786 3398 nobiles
816 3331 946 3398 occisos
974 3332 1026 3398 vel
1048 3355 1242 3422 oppressos,

127 3435 305 3502 suffocatos
322 3459 383 3526 per
402 3447 522 3524 puteos
542 3448 575 3500 et
594 3436 717 3500 fossata
734 3435 917 3523 requirere,
932 3459 995 3500 neo
1009 3457 1080 3514 eos,
1095 3435 1244 3524 quamvis

125 3537 202 3606 luna
229 3540 425 3605 ascenderet
445 3538 657 3627 splendendo
681 3537 787 3616 clare,
815 3538 957 3626 amplius
982 3537 1066 3602 velle
1091 3537 1244 3604 debello

127 3663 254 3706 curare.
272 3645 310 3707 ln
331 3641 421 3706 dicto
438 3642 549 3729 itaque
570 3653 693 3719 monte,
711 3640 807 3729 quasi
826 3639 910 3704 nihil
931 3638 1136 3722 victualium,
1154 3638 1244 3730 qu'od

127 3744 331 3812 multitudini
345 3769 460 3810 eorum
474 3743 652 3823 sufficeret,
671 3767 734 3808 nec
747 3743 1008 3832 cooperimenta,
1027 3769 1088 3810 nec
1101 3746 1244 3810 tentoria

127 3844 247 3936 aliqua,
274 3847 396 3937 quibus
417 3858 626 3936 tegerentur,
659 3845 880 3925 invenientes,
915 3871 980 3910 non
1010 3860 1048 3912 ut
1081 3845 1160 3913 victi
1192 3847 1244 3913 vel

127 3947 249 4039 fugati,
272 3950 349 4040 quia
371 3950 482 4016 nullus
504 3973 561 4014 eos
584 3949 837 4038 insequebatur,
859 3972 974 4013 versus
995 3949 1141 4014 Insulam
1160 3949 1244 4016 inito

128 4053 265 4118 consilio
285 4052 452 4132 abierunt,
472 4050 531 4116 sed
550 4049 660 4114 inedia
679 4065 712 4115 et
728 4049 926 4116 necessitate
944 4053 1063 4117 coacti.

157 4311 180 4366 l.
198 4315 220 4365 ll
232 4333 259 4365 se
269 4315 397 4366 nommait
408 4314 529 4364 Anselme
542 4313 573 4362 de
587 4311 743 4363 chevreuse.
