3154 5190
361 438 392 496 aa
740 435 890 494 sanitas
908 431 1103 494 caranisas
1424 431 1475 489 taos

361 562 546 628 annullare.
572 565 704 650 Deque
730 561 994 648 ordinationqet
1013 561 1201 626 intentione
1224 559 1306 626 dicti
1333 559 1477 624 conversi

361 665 534 730 adversum
556 666 693 730 abbates
709 677 742 730 ct
761 665 941 730 monachos
957 663 1112 741 clericos,
1128 663 1250 751 quibas
1265 665 1329 728 hec
1351 662 1478 750 placue-
1542 729 1543 732 Ἴ

360 779 451 846 runt,
473 791 574 857 grave
594 766 708 836 odium
736 779 983 853 conceperunt,
1007 766 1096 830 unde
1116 764 1249 853 quidam
1276 765 1382 830 frater
1401 763 1479 832 Wil·
1542 821 1543 834 ,

361 871 490 936 helarus
511 870 552 935 de
570 869 778 958 Saeffingnn,
797 893 976 934 conversus
993 866 1186 934 monasterii
1205 867 1246 932 de
1263 871 1376 934 'l'ozan
1395 868 1479 954 juxta

360 975 501 1062 Bruges,
527 973 577 1037 vir
605 971 807 1038 fortissimus
835 972 968 1049 robore,
1005 984 1144 1060 propter
1175 973 1261 1036 hanc
1289 993 1426 1034 causam
1454 980 1481 1030 et

361 1089 500 1163 propter
521 1075 629 1162 aliqua
648 1073 852 1164 gravamina,
870 1099 934 1162 qne
951 1074 1085 1140 dicebat
1101 1072 1166 1139 sibi
1181 1074 1221 1138 ab
1242 1073 1366 1137 abbate
1384 1095 1442 1136 suo
1455 1083 1482 1134 et

361 1177 562 1263 quibusdam
583 1174 657 1239 aliis
674 1176 862 1240 senioribus
886 1175 1058 1240 monachis
1079 1173 1210 1240 clericis
1230 1175 1356 1263 injuste
1379 1173 1479 1247 illata,

361 1279 451 1342 dicto
473 1301 587 1342 mensa
603 1291 636 1342 et
655 1279 688 1344 in
711 1277 801 1342 dicto
824 1277 1040 1355 monasterio,
1064 1279 1173 1368 ipsum
1190 1277 1346 1342 abbatem
1370 1273 1481 1341 atroci-

360 1393 411 1444 tcr
431 1380 627 1457 vulneravit,
647 1393 680 1444 et
699 1380 876 1468 quemdam
898 1381 1071 1468 antiquum
1093 1380 1291 1446 monachum
1309 1377 1480 1452 clericum,

361 1481 418 1570 qui
441 1485 545 1569 majus
561 1481 723 1561 officium,
743 1482 933 1560 cellarium,
955 1495 1032 1571 post
1048 1482 1202 1548 abbatem
1223 1482 1389 1559 habebat,
1413 1504 1482 1544 aru-

361 1583 531 1650 delissime
556 1583 715 1662 occidit¹‚
743 1584 942 1674 fugiensque
967 1583 1001 1650 in
1031 1583 1149 1650 turrim
1175 1584 1317 1650 ecclesie
1345 1583 1391 1648 de
1419 1583 1482 1648 Lis-

361 1689 516 1777 sewegbe
531 1688 625 1774 juxta
646 1686 884 1752 monasterium
905 1686 1110 1775 predictum,
1133 1700 1166 1751 et
1185 1684 1221 1750 in
1244 1711 1280 1752 ea
1305 1709 1322 1750 a
1344 1685 1481 1774 quibus·

360 1789 435 1854 dam
462 1788 576 1856 amicis
606 1789 737 1854 abbatis
765 1801 798 1854 et
823 1789 1061 1854 monachorum
1090 1789 1262 1868 obsessus,
1289 1813 1305 1852 a
1334 1788 1482 1854 Johanue

361 1891 451 1956 dicto
484 1891 636 1970 Breidel‚
668 1891 824 1956 carnifice
856 1892 897 1958 de
929 1891 1090 1981 Brugisl,
1120 1905 1154 1957 et
1184 1891 1252 1958 filio
1282 1891 1376 1956 Petri
1406 1887 1482 1955 dicti

360 1992 477 2083 Regis,
495 1993 622 2070 militis,
641 1993 808 2081 quondam
825 1994 983 2072 textoris,
1005 1994 1131 2083 dequo
1150 2018 1250 2082 sppra
1271 1995 1480 2068 dictumest,

361 2108 394 2160 et
410 2094 543 2160 circiter
561 2093 730 2183 octoginta
744 2095 841 2173 viris,
868 2095 993 2184 optime
1014 2096 1160 2174 armatis,
1184 2098 1225 2162 de
1246 2095 1481 2162 communitate

361 2196 540 2286 Brugensi,
562 2198 603 2260 de
624 2197 712 2262 dicta
733 2197 831 2274 turri,
849 2198 1084 2263 obsidentibus
1101 2197 1273 2289 effugatis,
1294 2199 1437 2264 eductus
1455 2207 1483 2258 et

291 2339 293 2343 ·
362 2301 489 2387 Bruges
512 2299 688 2376 adductus,
721 2323 779 2364 sue
810 2299 958 2364 libertati
989 2314 1041 2365 est
1072 2302 1247 2368 restitutus
1277 2302 1319 2366 ab
1343 2299 1479 2366 eisdem.

362 2404 469 2466 Causa
503 2415 612 2466 autem
640 2401 786 2466 amicitie
818 2415 852 2467 et
885 2402 1004 2466 l'avcris
1036 2402 1124 2468 inter
1156 2404 1428 2468 communitatem
1454 2413 1482 2464 et

341 2503 468 2592 ‘ipsum
496 2503 556 2568 fuit
582 2505 644 2568 hec
664 2504 835 2572 :instante
862 2505 952 2570 bello
977 2505 1208 2584 Curtracenci,
1232 2507 1274 2570 de
1297 2530 1364 2595 quo
1386 2528 1480 2592 supra

391 2740 412 2786 1.
433 2739 559 2787 L’olficial
569 2739 601 2787 de
611 2739 726 2787 Touanai
737 2743 812 2802 parle
820 2757 851 2786 en
858 2757 900 2786 ces
910 2747 1006 2788 termes
1015 2741 1050 2787 du
1059 2747 1173 2788 meurtre
1184 2741 1294 2788 commis
1303 2757 1352 2805 par
1361 2741 1443 2790 Guill.
1454 2739 1481 2784 de

360 2802 512 2866 Saeltingea
527 2818 532 2850 :
548 2819 560 2849 a
571 2803 626 2850 Non
640 2803 695 2852 sine
713 2803 800 2852 cordis
814 2802 1002 2862 amaritudine,
1019 2804 1137 2852 dolentes
1153 2804 1291 2852 referimus
1306 2793 1390 2873 qnod,
1408 2806 1482 2868 prout

360 2881 444 2932 nuper
459 2865 492 2912 ad
504 2871 623 2938 nostram
640 2865 761 2928 pervenit
777 2865 947 2921 audientiam,
961 2865 1068 2928 quidam
1084 2867 1227 2913 monachus
1241 2866 1272 2914 de
1284 2867 1404 2923 Thesara,
1420 2867 1480 2913 Tor·

263 2969 265 2972 .
359 2928 480 2978 aucensis
499 2928 629 2992 dyocesis,
651 2928 757 2976 nomine
778 2928 942 2984 Wilhslmus,
965 2929 1046 2976 irater
1063 2945 1217 2986 conversus,
1238 2928 1294 2992 qni,
1318 2945 1414 2980 revera
1431 2926 1481 2976 suis

361 2991 436 3037 laetis
454 2991 605 3038 enormibus
624 2989 776 3038 inveteratis
797 2996 822 3037 et
842 2991 991 3038 recentibus
1009 2991 1212 3058 exposcentibus
1229 2991 1318 3056 potius
1334 2992 1414 3040 debet
1435 2988 1481 3037 dici

360 3069 511 3114 perversus,
530 3053 628 3099 indicto
649 3051 817 3108 monasterio,
833 3069 884 3098 non
906 3054 983 3099 malis
1003 3053 1138 3116 operibus,
1157 3052 1253 3116 qulbus
1274 3059 1332 3100 erat
1351 3059 1480 3107 assuetus,

360 3121 507 3172 contentus,
526 3115 571 3162 sed
589 3114 724 3178 religionis
744 3121 770 3160 et
788 3115 943 3180 obedientie,
967 3116 1008 3162 cui
1027 3131 1054 3164 se
1073 3116 1228 3171 devoverat,
1248 3115 1354 3166 omnino
1375 3117 1480 3169 oblitus,

360 3177 441 3224 immo
454 3177 541 3240 potius
555 3177 697 3223 humanam
709 3183 832 3224 naturam
845 3185 938 3225 exutus
955 3184 980 3224 et
992 3179 1097 3225 beluam
1113 3179 1224 3226 lerinam
1239 3177 1356 3236 indatus,
1370 3177 1481 3242 dyabolo

361 3239 512 3302 instigante.
543 3239 570 3286 in
593 3239 747 3301 religiosum
769 3239 855 3288 virum
875 3255 905 3287 ac
927 3241 1104 3288 venerabilem
1120 3241 1256 3288 dominum
1276 3241 1398 3290 abbatem
1424 3238 1480 3288 dicti

362 3301 525 3356 monasterii,
542 3307 643 3366 patrem
664 3318 741 3348 suum
759 3301 924 3376 spiritualem
941 3303 1081 3366 pacificum
1095 3310 1119 3350 at
1136 3304 1294 3366 benignum,
1312 3319 1371 3352 cum
1392 3301 1480 3357 armis,

301 3411 303 3413 .
363 3363 473 3411 lalcione
482 3380 527 3410 seu
534 3363 623 3428 gladio
632 3371 757 3419 extracto,
766 3371 949 3420 irreverenter,
957 3365 1046 3411 dolose
1053 3377 1077 3412 et
1086 3366 1327 3428 insidioseirruere,
1339 3379 1482 3428 manusque

360 3434 483 3473 cruentas
503 3433 528 3472 et
550 3426 678 3473 violentas
699 3425 724 3474 in
749 3426 755 3472 i
779 3443 837 3473 sum
854 3426 961 3490 injicere
983 3427 1107 3474 atrociter
1130 3445 1182 3475 non
1202 3429 1323 3492 expavit,
1348 3435 1374 3478 et
1394 3427 1481 3492 plagis

361 3489 564 3551 quampluribus
573 3487 599 3540 in
608 3488 694 3556 capite
707 3495 732 3538 et
742 3443 806 3539 alibi
815 3489 837 3536 ei
845 3488 986 3552 impositis,
997 3490 1160 3552 prohdolor!
1175 3490 1183 3536 i
1205 3509 1233 3538 so
1243 3490 1370 3540 semivivo
1383 3491 1481 3544 relicto,

360 3549 397 3598 lta
408 3551 477 3612 quod
491 3551 522 3597 de
534 3549 590 3612 ejus
603 3550 657 3598 vita
671 3551 719 3598 fult
732 3550 857 3598 nimirum
870 3567 916 3614 par
928 3552 1100 3614 quamplures
1114 3553 1170 3600 dies
1183 3508 1362 3616 desperatum,
1376 3555 1481 3600 tandem

360 3613 431 3660 mala
456 3612 533 3662 malis
555 3619 580 3659 et
603 3613 734 3662 deteriora
757 3613 880 3678 pessimis
907 3615 1090 3672 accumulans,
1115 3615 1141 3662 iu
1165 3616 1326 3690 profundum
1353 3617 1480 3670 malcrum

360 3675 510 3730 deveniens,
525 3675 663 3736 dyabolica
683 3677 769 3722 furore
787 3691 923 3734 accensus,
939 3677 965 3722 in
1002 3677 1122 3724 uerndam
1139 3677 1219 3726 alium
1231 3679 1398 3726 ¹monachum
1420 3676 1479 3726 dicti

361 3737 513 3788 monasterii
530 3737 716 3800 presbyterum
737 3739 888 3800 professum
906 3755 936 3788 ac
955 3693 1131 3797 ceilararium.
1149 3742 1307 3803 prudentem
1325 3747 1350 3789 et
1366 3741 1481 3804 quietum

360 3799 445 3846 virum
458 3816 518 3848 cam
530 3801 611 3846 armis
624 3799 718 3848 insiliit
727 3799 814 3862 ipsum
836 3815 867 3847 ue
880 3802 944 3850 adeo
952 3803 1094 3850 enormiter
1106 3803 1256 3851 vulueravit
1265 3803 1335 3870 quod
1350 3819 1381 3850 ex
1391 3805 1480 3852 vulne·

359 3862 459 3909 ratione
471 3861 623 3924 hujusmodi
636 3862 705 3909 ldem
715 3817 868 3910 cellerailus
883 3864 1052 3927 postmodum
1068 3865 1093 3912 ln
1112 3865 1186 3912 brevi
1203 3865 1272 3915 diem
1284 3865 1380 3918 clausit
1397 3873 1481 3913 extre·

360 3940 440 3976 mum.
455 3941 467 3972 u
483 3927 608 3974 Sentenca
627 3925 903 3974 d'execmmunication
918 3925 1007 3976 laurea
1023 3934 1112 3976 contre
1126 3928 1205 3979 Guill.
1219 3929 1251 3976 de
1269 3927 1422 3990 saettingen
1437 3942 1481 3994 par

359 3987 473 4034 t'official
496 3987 527 4034 de
549 3987 673 4038 Tournai.
694 3987 844 4048 publ—s.
863 3989 880 4034 l.
904 4005 930 4036 n.
950 3991 1019 4037 d.—
1036 4007 1086 4053 par
1110 3991 1220 4038 Ksnvru
1240 4007 1274 4038 aa
1294 3992 1479 4044 Lsrrsurrova

361 4050 449 4099 Codes
460 4049 593 4106 Druensis,
604 4067 633 4158 p
648 4051 748 4098 asa-37.

390 4112 412 4162 2.
432 4112 452 4158 ll
465 4111 543 4174 s'agit
553 4111 588 4158 du
614 4127 707 4160 ameux
726 4111 814 4158 tribua
834 4111 959 4174 brugeois
972 4115 995 4161 J.
1015 4115 1127 4171 Breidel‚
1146 4117 1240 4178 appele
1258 4115 1324 4162 dans
1342 4116 1380 4162 les
1399 4121 1480 4162 textas

358 4173 437 4220 latias
450 4175 473 4221 d.
484 4175 502 4220 F
505 4190 595 4220 renum
605 4174 727 4236 (Breidel,
737 4173 830 4236 bride).
845 4175 932 4235 Meyer
942 4176 965 4222 le
979 4177 1248 4238 presenteuulecteur
1264 4177 1296 4224 de
1310 4177 1479 4230 sesAnoaIes,

360 4253 391 4284 ea
404 4254 446 4284 ces
460 4243 555 4284 termes
570 4252 575 4284 :
590 4253 602 4282 a
615 4237 716 4286 Joanna
730 4237 849 4298 Breydel,
862 4237 932 4286 lunio
944 4237 998 4296 illo,
1015 4255 1065 4288 noa
1080 4239 1167 4288 solutu
1179 4241 1320 4304 pecudum,
1336 4240 1381 4291 sed
1394 4240 1480 4292 homi·

358 4315 421 4346 num
434 4299 522 4357 etiam,
537 4299 618 4346 multo
629 4298 698 4346 caede
711 4305 818 4346 cruento
833 4316 854 4347 u.
870 4301 990 4357 Antiates,
1004 4303 1021 4347 f.
1037 4303 1091 4356 112,
1103 4310 1140 4348 r⁰.
