3154 5190
542 329 549 364 l

129 449 192 506 taor
509 449 658 508 Anninus
676 447 869 508 oluoadsns
1216 449 1246 508 97

123 575 344 666 guerrabant‚
375 572 464 640 inter
490 600 524 640 se
549 575 769 640 condixerant
793 575 902 667 legem
926 597 1055 640 servare
1088 573 1242 658 talionis,

123 701 222 766 quam
246 691 279 742 ct
305 677 362 742 diu
385 691 609 743 servaverunt.
636 677 702 743 Sed
732 690 909 767 postquam
939 685 1050 742 comes
1074 678 1243 746 Robertus

124 803 276 846 reversus
293 793 356 859 est,
376 780 480 845 voluit
501 793 625 846 terram
655 805 747 845 suam
773 781 834 844 sub
860 778 926 845 illis
956 779 1087 870 legibus
1110 793 1244 863 tenere,

123 882 187 947 sub
207 883 420 971 quibuscum
440 896 620 948 tenuerunt
635 883 685 948 sui
706 882 951 972 progenitores.
978 884 1021 948 Et
1039 882 1115 949 ideo
1133 897 1246 976 partes

123 997 227 1062 terre,
245 991 395 1072 tempore
411 1008 550 1074 guerre,
572 983 668 1074 quasi
690 983 860 1050 rarissime
876 983 964 1049 inter
984 1007 1019 1049 se
1037 987 1243 1076 pugnabant.

125 1087 206 1163 Sed,
224 1087 354 1174 abjecta
366 1086 441 1177 lege
456 1112 517 1175 per
531 1086 699 1164 comitem,
713 1099 781 1151 tam
797 1087 830 1151 in
844 1085 931 1151 villis
946 1111 1045 1175 quam
1058 1086 1092 1154 iu
1106 1089 1245 1179 campis,

124 1189 251 1254 fiebant
266 1187 445 1253 homicidia
464 1189 605 1276 plurima
623 1202 656 1254 et
670 1188 855 1268 horrenda,
876 1202 1072 1279 atempore,
1092 1216 1158 1281 quo
1179 1193 1247 1258 dic-

124 1303 178 1356 tus
195 1316 305 1357 comes
324 1315 476 1357 reversus
492 1303 554 1376 est,
573 1316 678 1381 usque
697 1291 737 1357 ad
755 1305 886 1380 tempus
905 1291 1008 1357 istud.

171 1395 266 1460 Circa
280 1393 425 1460 medium
441 1394 565 1460 mensis
581 1393 706 1475 Martii,
725 1394 816 1460 venit
832 1396 1000 1460 Robertus
1015 1395 1244 1478 Nivernensis,

119 1496 237 1584 junior
252 1497 340 1562 filius
357 1497 511 1576 Roberti,
529 1498 571 1563 de
587 1497 677 1562 curia
694 1509 727 1562 ct
742 1497 958 1585 parlamentis
974 1499 1076 1588 regis,
1096 1498 1137 1563 ad
1152 1499 1247 1566 villas

123 1601 322 1688 Yprensem,
343 1599 556 1666 Gandensem
576 1613 609 1664 et
624 1603 845 1690 Brugensem,
867 1613 1005 1688 portans
1026 1625 1138 1666 secum
1154 1616 1247 1668 tran-

123 1701 288 1790 scriptum
306 1700 436 1783 littere,
458 1702 598 1767 formam
618 1701 710 1791 pacis
727 1702 951 1782 continentis,
976 1717 1095 1793 petens
1117 1703 1247 1770 instan-

121 1804 253 1870 tissime
274 1817 423 1894 exparte
448 1805 537 1894 regis
562 1817 596 1871 et
617 1803 884 1870 consiliariorum
905 1828 1041 1870 suorum
1055 1819 1088 1871 et
1103 1809 1245 1874 arbitro-

123 1932 198 1972 rum
225 1931 378 1988 suorum‚
400 1919 433 1972 et
459 1907 559 1972 etiarn
576 1931 616 1973 ex
633 1920 728 1997 parte
750 1907 854 1996 patris
879 1907 946 1988 sui,
974 1933 1073 1998 quem
1098 1910 1246 1976 Parisius

122 2010 318 2099 reliquerat,
343 2010 432 2098 quod
452 2021 517 2075 tam
545 2011 685 2097 majores
706 2034 804 2099 quarn
821 2009 967 2075 minores
985 2011 1019 2074 in
1036 2010 1246 2078 dictam'sor-

122 2135 211 2176 mam
236 2135 351 2176 omnes
384 2112 586 2176 unanimiter
611 2112 797 2177 voluntarie
822 2113 1068 2193 consentirent,
1096 2112 1245 2203 alioquin

120 2215 189 2280 hoc
205 2227 318 2279 essent
332 2215 451 2280 facturi
466 2212 575 2294 inviti,
595 2214 714 2280 multas
735 2239 870 2306 magnas
887 2215 934 2280 eis
950 2214 1109 2306 ingerens
1126 2217 1243 2290 minas,

120 2307 376 2378 Consenserunt
388 2336 467 2402 ergo
479 2313 513 2378 iu
525 2337 597 2377 eam
609 2313 725 2378 adhoc
737 2317 879 2401 majores
891 2329 922 2379 et
934 2313 1074 2380 ditiores
1086 2317 1245 2382 Gauden-

120 2440 177 2480 ses
199 2427 232 2480 et
246 2417 432 2503 Yprenses,
448 2429 480 2479 et
500 2413 746 2480 territoriorum
767 2440 919 2495 suorum,
938 2429 971 2480 et
992 2441 1166 2505 parvarum
1183 2418 1244 2482 vil·

118 2519 229 2583 larum
241 2516 510 2595 Flandrensium,
527 2531 560 2581 et
579 2517 740 2582 territorii
754 2519 955 2606 Brugensis3
974 2518 1034 2583 sed
1049 2520 1168 2610 vulgus
1182 2546 1244 2611 pro

119 2623 247 2708 majore
263 2633 358 2708 parte
376 2620 479 2685 tacuit
494 2632 527 2684 et
540 2619 772 2697 dissimulavit,
787 2621 902 2685 volens
919 2621 1042 2701 videre,
1059 2647 1158 2711 quem
1174 2625 1245 2688 exi-

118 2735 193 2787 tum
211 2747 264 2786 res
285 2723 424 2786 haberet
439 2721 472 2786 in
488 2722 565 2786 villa
582 2723 759 2812 Brugensi.
783 2722 930 2789 Veniens
947 2737 1056 2788 autem
1078 2726 1244 2790 Robertus

117 2825 337 2892 Nivernensis
370 2821 513 2915 Bruges,
548 2837 580 2890 et
612 2850 712 2914 super
738 2826 811 2890 aliis
839 2829 1030 2917 Brugenses
1055 2826 1241 2917 alloquens,

118 2927 206 2994 inito
223 2927 364 2993 consilio
380 2931 571 3018 Brugenses
590 2927 784 2993 dilationem
802 2939 930 3016 septem
945 2929 995 2992 vel
1014 2940 1089 2994 octo
1114 2930 1243 2996 dierum

119 3030 166 3096 de
186 3029 435 3118 respondendo,
457 3031 534 3119 quia
558 3029 729 3120 negotium
750 3029 889 3095 arduum
915 3044 1006 3111 erat,
1038 3031 1209 3120 petierunt
1228 3059 1245 3100 a

118 3133 273 3198 Roberto
294 3145 326 3197 et
345 3130 575 3198 obtinuerunt.

623 3413 749 3482 1309.
789 3373 790 3378 Ν

169 3619 266 3686 Anno
292 3618 427 3684 Domini
451 3619 686 3696 .M.CCC.IX.,
714 3618 792 3684 feria
815 3633 932 3709 quarta
947 3635 1023 3709 post
1043 3621 1244 3689 dominicam

121 3723 158 3787 in
177 3722 288 3787 Ramis
303 3722 489 3787 Palmarum
501 3721 525 3800 ¹,
542 3745 607 3809 que
628 3722 707 3786 feria
728 3736 843 3810 quarta
864 3723 1008 3788 crastina
1029 3724 1090 3789 luit
1105 3726 1245 3791 Annun-

121 3822 274 3889 tiationis
296 3823 444 3900 Domini,
468 3821 699 3913 Brugensibus
726 3824 1004 3890 convenientibus
1034 3827 1075 3892 ad
1105 3851 1245 3916 respon-

123 3925 273 3994 dendum
292 3927 441 3992 Roberto
467 3925 682 4006 Nivernensi‚
705 3926 871 3992 dissensio
891 3928 1047 3996 lactaest
1066 3929 1155 3996 inter
1173 3955 1242 3995 eos.

123 4031 209 4096 Nam
224 4028 374 4108 Liliardi,
396 4027 452 4118 qui
471 4029 540 4094 lere
556 4053 672 4095 omnes
688 4028 747 4108 ibi,
766 4031 851 4096 sicut
865 4031 898 4094 in
915 4031 1086 4112 Gandavo,
1109 4032 1149 4097 ad
1166 4057 1245 4121 pro-

157 4306 180 4354 1.
198 4306 233 4355 Le
245 4308 276 4354 26
288 4323 359 4354 mars
372 4307 441 4356 1309.

178 4396 381 4440 runca-naaman.
393 4418 419 4428 ···
428 4397 516 4439 Annales
527 4397 646 4440 sandonus.
729 4419 735 4438 ι
