3178 5192
341 567 370 614 12
713 563 869 617 ''ANNA'LES
887 567 1082 618 annuat-ses
1403 567 1460 615 1300

342 685 464 770 Ypram
479 697 511 748 et
526 687 674 748 Donzam
693 698 725 749 et
740 684 934 749 Gandavum
951 698 984 749 et
1001 688 1096 765 Dam,
1114 684 1173 749 sed
1190 684 1290 749 dictis
1309 685 1407 763 villis,
1424 709 1460 748 co

343 785 432 875 quod
448 800 543 851 erant
558 788 644 851 benc
665 788 803 865 munite,
819 811 938 853 nocere
953 812 1019 852 uon
1036 787 1156 877 potuit.
1178 788 1345 852 Robertus
1362 787 1459 863 enim,

342 887 474 953 comitis
491 889 747 980 primogenituS‚
769 889 877 954 tenuit
898 891 1112 986 Gandavumj
1130 883 1345 969 Wilhelmus,
1365 890 1463 954 frater

344 993 434 1078 ejus,
460 994 561 1069 Dam;
587 1005 621 1056 et
647 992 774 1071 Guido,
803 993 902 1056 etiam
924 993 1025 1057 frater
1045 995 1116 1080 ejus
1144 1017 1184 1057 ex
1215 1007 1309 1082 parte
1343 993 1461 1082 patris,

343 1095 478 1182 Ypram.
509 1093 594 1160 Villa
630 1096 814 1160 Duacensis
845 1119 879 1159 se
908 1095 1030 1160 Karolo
1050 1095 1258 1175 reddiderat,
1289 1107 1463 1184 antequam

345 1195 467 1290 Brugis
488 1196 666 1262 advenerat
683 1197 732 1261 vel
750 1196 940 1262 Flaudriam
956 1196 1108 1262 intraret.

848 1437 972 1504 1300.

391 1630 488 1695 Anno
505 1630 638 1694 Domini
653 1633 826 1708 .M.CCC.,
842 1631 930 1696 circa
946 1631 1044 1694 finem
1060 1631 1200 1720 Aprilis,
1216 1655 1328 1696 comes
1343 1630 1463 1705 Guido,

347 1732 581 1797 deficientibus
593 1732 749 1821 expensis
763 1745 796 1796 et
809 1733 850 1798 ab
862 1732 976 1798 amicis
990 1733 1145 1798 omnibus
1162 1731 1256 1820 quasi
1273 1731 1466 1807 derelictus,

347 1834 414 1899 imo
439 1848 472 1898 ct
502 1835 543 1898 ab
569 1835 760 1925 aliquibus,
793 1849 827 1900 ut
855 1835 1044 1911 videbatur,
1071 1835 1242 1907 seductus.
1273 1832 1413 1900 tradidit
1436 1857 1468 1897 sc

323 1934 488 2022 'Karolo,
523 1936 613 2002 fratri
647 1937 736 2026 regis
772 1940 992 2012 Francorum,
1032 1951 1064 2002 et
1097 1951 1219 2002 terram
1252 1960 1468 2016 suam,·cum
1555 1931 1556 1938 ἵ

349 2039 512 2117 Roberto,
537 2039 762 2130 primogenito
779 2065 854 2117 suo,
876 2052 909 2104 et
924 2039 1124 2117 Wilhelmo,
1146 2052 1179 2103 et
1199 2040 1334 2104 circiter
1355 2041 1467 2104 XXV.
1555 2027 1556 2036 ἵ

350 2140 524 2206 militibus.
541 2142 682 2230 Karolus
695 2154 804 2206 autern
817 2142 911 2206 duxit
922 2167 978 2206 eos
997 2141 1144 2206 Parisius
1160 2141 1201 2206 ad
1219 2142 1353 2207 fratrem
1375 2165 1469 2206 suum

349 2268 479 2332 regem,
507 2245 564 2334 qui
592 2270 649 2309 rex
671 2245 782 2332 posuit
806 2244 994 2310 Guidonem
1016 2243 1170 2311 comitem
1200 2243 1234 2309 iu
1263 2243 1471 2333 Compendio
1555 2231 1556 2238 ἵ

351 2348 412 2410 sub
432 2360 502 2412 tuta
523 2346 690 2425 custodia,
713 2348 898 2412 Roberturn
919 2361 1028 2412 autem
1048 2361 1080 2412 et
1100 2346 1318 2416 Wilhelmum
1340 2361 1372 2411 et
1390 2347 1471 2410 alios
1555 2357 1556 2426 l

352 2448 473 2514 milites
500 2450 612 2539 posuit
633 2451 667 2513 in
694 2449 834 2515 diversis
859 2450 977 2514 castris
1001 2453 1096 2537 regni
1132 2448 1183 2513 sui
1217 2450 1251 2513 in
1282 2448 1468 2537 ,prisioneb
1555 2465 1556 2542 J

350 2552 520 2616 lohannes
536 2565 645 2616 autem
657 2565 689 2618 et
705 2551 828 2630 Guido,
843 2555 980 2640 juvenes
993 2551 1128 2630 milites,
1144 2564 1178 2615 et
1191 2552 1354 2620 Henricus
1375 2575 1469 2639 puer,
1555 2545 1556 2620 ἶ

352 2652 410 2716 lilii
431 2652 562 2718 comitis
586 2654 627 2719 de
650 2656 794 2720 secunda
821 2679 940 2733 uxore,
962 2654 1105 2742 profecti
1121 2668 1199 2718 sunt
1218 2653 1252 2717 iu
1270 2656 1472 2720 Namurcum
1555 2725 1556 2740 ,

351 2756 391 2818 ad
413 2757 617 2836 comitatum,
635 2757 665 2820 in
683 2771 804 2822 terram
825 2759 939 2822 matris
955 2782 1026 2822 sue.

395 2857 597 2926 Wilhelmus
625 2860 823 2926 luliaeensis
849 2862 953 2925 laetus
978 2875 1028 2926 est
1055 2859 1246 2948 prepositus
1265 2860 1299 2924 iu
1320 2862 1473 2948 'l'rajeoto

353 2962 528 3050 superiori.

397 3066 461 3128 Per
480 3076 586 3128 totum
607 3065 708 3130 istum
732 3089 853 3129 ararium
879 3066 1015 3130 luerunt
1039 3065 1249 3154 indulgentie
1278 3063 1474 3153 plenissime

351 3167 458 3244 Rome
482 3165 695 3232 visitantibus
723 3166 837 3231 limina
868 3166 1114 3256 apostolorum,
1146 3192 1163 3230 a
1193 3191 1277 3255 papa
1302 3166 1474 3232 Bonifacio
1555 3211 1556 3256 }

357 3269 455 3334 .Vlll.
475 3293 651 3349 conoesse3
679 3269 767 3334 unde
793 3269 932 3334 maxima
954 3268 1131 3334 multitudo
1154 3270 1407 3359 peregrinorum
1434 3268 1474 3333 ad
1555 3327 1556 3350 Ξ

355 3369 480 3434 curiam
496 3371 698 3459 properavit.
1555 3437 1556 3448 ,

398 3474 580 3562 Postquam
606 3498 717 3538 comes
748 3497 783 3540 se
816 3475 1001 3540 tradiderat
1027 3474 1115 3564 regi,
1143 3499 1199 3538 rex
1228 3475 1362 3538 in'tota
1386 3488 1474 3539 terra

354 3574 532 3670 Flandrie,
563 3577 658 3664 quasi
680 3577 915 3664 proconsulem
936 3590 969 3640 et
990 3576 1177 3666 presidem,
1197 3576 1247 3640 vel
1269 3576 1475 3665 superiorem

354 3677 521 3756 ballivum,
533 3678 809 3768 posuitJacobum
822 3680 862 3744 de
875 3680 1134 3758 Sancto-Paulo,
1149 3680 1346 3744 avunculum
1359 3679 1474 3769 regine

354 3779 494 3844 Francie
511 3794 544 3844 et
560 3780 693 3844 fratrem
711 3781 842 3845 comitis
854 3780 1099 3846 Attrebatensis
1112 3783 1137 3859 2,
1152 3795 1185 3848 et
1198 3780 1328 3845 comitis
1340 3782 1474 3845 Blesen-

355 3883 420 3960 sis,
445 3896 477 3946 et
502 3882 632 3948 comitis
660 3884 901 3961 Sancti-Pauli,
927 3884 983 3973 qui
1004 3908 1120 3948 omnes
1148 3883 1271 3948 amicos
1292 3883 1424 3949 comitis
1444 3871 1477 3947 et

387 4106 408 4155 l.
428 4105 525 4153 Robert
537 4106 569 4154 de
582 4105 699 4153 Bethuoe
711 4108 749 4153 sut
762 4105 811 4152 mis
822 4122 855 4152 au
865 4106 975 4154 chateou
986 4106 1017 4154 de
1028 4105 1138 4161 Chiron,
1153 4113 1178 4153 et
1189 4106 1267 4154 Guill.
1280 4107 1311 4153 de
1324 4107 1476 4153 Crtveeoeur

356 4183 387 4215 en
398 4168 464 4216 celui
476 4168 631 4222 d'lssoudun
653 4169 681 4218 V.
694 4173 708 4215 t
722 4185 750 4215 ce
764 4168 832 4230 sajet
842 4175 866 4216 et
878 4185 911 4215 au
923 4168 990 4231 sujet
1001 4169 1046 4215 des
1058 4175 1146 4215 autres
1159 4169 1323 4230 prisonniers
1336 4168 1474 4224 flamands,

356 4231 432 4278 lesen
455 4235 525 4278 uetes
534 4231 580 4278 des
589 4229 698 4278 ollroiers
709 4231 740 4278 de
752 4230 874 4295 Philippo
882 4231 966 4286 leuel,
974 4231 1093 4294 publices
1103 4233 1260 4294 parKerryu
1269 4231 1300 4278 de
1310 4230 1474 4288 bettenhore,

356 4293 419 4342 nist.
431 4247 462 4340 de
473 4293 591 4348 Ftaadre,
603 4294 635 4348 ll,
649 4295 750 4340 608-19.
1188 4325 1190 4330 -

387 4358 409 4404 2.
427 4358 539 4418 Jucquee
560 4356 591 4403 de
610 4355 743 4404 Chautton
763 4362 789 4402 et
810 4357 907 4418 Robert
927 4357 949 4404 ll
970 4356 1082 4404 d'llrtois
1100 4355 1197 4404 e'tuieut
1218 4357 1299 4404 lr'eros
1313 4354 1412 4404 uterina
1427 4369 1476 4420 par

357 4418 414 4468 leur
427 4420 506 4478 mere,
520 4419 627 4467 Mahuut
637 4418 669 4466 de
682 4418 808 4466 Brabant.
