3154 5190
332 433 362 480 86
710 429 859 480 ANNALES
877 429 1073 480 GANDENSES
1391 427 1444 474 1301

331 547 480 637 prudens
495 549 605 628 valde,
622 549 813 613 -tandem
825 561 966 637 utraque
982 571 1059 636 pars
1076 548 1108 611 in
1128 545 1335 612 ludovicum
1351 548 1444 610 Fran·
1529 629 1530 634 η

332 675 444 716 corum
464 675 589 741 regem,
607 675 702 715 avum
713 650 863 739 Philippi
882 673 970 714 nuno
990 649 1176 738 regnantis,
1193 659 1270 738 post
1287 660 1446 712 mortema

332 755 421 818 ouria
439 756 587 819 Romana
605 753 850 833 canonizatum,
868 767 1038 840 tamquam
1054 752 1088 816 in
1102 751 1314 818 amicabilem
1331 749 1447 814 media·

331 870 437 921 torem
469 870 502 922 et
532 859 789 948 compositorem
820 855 1003 933 consensit,
1035 869 1081 933 ut,
1110 854 1233 920 auditis
1264 852 1447 918 rationibus

332 960 435 1046 partis
456 958 642 1048 utriusque,
660 959 751 1023 litem
768 971 802 1024 et
818 957 1021 1024 discordiam
1041 956 1227 1046 predictam
1244 954 1448 1022 terminaret.

333 1062 430 1142 Quod
445 1074 479 1125 ct
497 1059 609 1138 feoitl,
634 1061 717 1124 dans
739 1060 933 1126 comitatum
955 1060 1106 1125 Hanonie
1128 1059 1292 1137 Johanni‚
1319 1055 1450 1121 comita·

332 1177 401 1227 tum
426 1162 582 1228 Flandrie
606 1161 773 1240 Guidoni,
799 1175 876 1250 post
902 1175 1040 1226 mortem
1069 1162 1185 1226 matris
1214 1185 1346 1238 eorum,
1372 1157 1452 1226 Wil-

332 1265 460 1344 helmo,
490 1265 621 1330 seniore
651 1266 751 1328 tratre
785 1264 965 1341 Guidonis,
1004 1263 1076 1328 aine
1101 1263 1225 1329 herede
1257 1259 1448 1328 destinent

331 1369 505 1433 Remansit
523 1380 633 1432 tamen
652 1390 784 1454 semper
804 1366 899 1456 quasi
917 1367 1067 1432 innatum
1082 1365 1196 1431 odium
1217 1365 1308 1431 inter
1333 1364 1452 1428 Johan-

333 1490 407 1534 nem
424 1484 457 1534 et
475 1469 663 1534 Guidonem
679 1483 711 1534 et
728 1470 857 1558 prolem
872 1471 1079 1534 eorumdem.

377 1573 545 1638 Johannes
572 1573 684 1662 itaque
714 1572 924 1638 Avennensis
954 1597 993 1637 ex
1017 1595 1130 1637 sorore
1153 1570 1332 1640 Wilhelmi
1370 1565 1453 1656 regis

332 1674 448 1764 genuit
468 1676 669 1754 Johannem,
691 1689 725 1740 et
748 1676 936 1753 lohannes,
958 1697 999 1740 ex
1016 1674 1082 1740 filia
1100 1671 1232 1740 comitis
1251 1670 1454 1739 Lucembur·

332 1778 459 1866 gensis,
476 1813 521 1826 -
540 1801 655 1842 sorore
680 1777 832 1855 lsabelte,
862 1778 976 1842 matris
1010 1777 1172 1842 Johannis
1200 1771 1453 1845 Namurcensis,

334 1879 500 1946 Guidonis
524 1893 557 1944 et
583 1879 717 1944 Hearici
743 1892 777 1943 et
805 1881 918 1945 uxoris
948 1880 1093 1944 secunde
1125 1877 1293 1945 Guidonis
1328 1871 1454 1940 comitis

333 1981 501 2060 Flandrie,
528 1983 638 2072 patrui
657 1981 720 2059 sui,
744 1984 920 2070 -genuit
936 1980 1391 2054 labeonem-Sine-Pietate,
1413 1974 1455 2038 sio

332 2085 459 2148 dietum
475 2098 612 2172 proptor
629 2084 873 2164 crudelitatem,
892 2084 949 2173 qui
963 2085 997 2148 in
1010 2085 1098 2149 bello
1110 2082 1328 2150 Curtraoensi
1346 2076 1452 2170 periit,

334 2186 614 2263 etWilhelmum,
631 2187 700 2274 qni,
716 2198 750 2250 et
762 2206 861 2274 supra
877 2198 1002 2251 tactum
1019 2198 1081 2266 est,
1104 2187 1297 2250 comitatum
1308 2176 1456 2248 Hanonie

335 2302 368 2353 et
383 2288 560 2354 Hollandie
580 2289 732 2376 possidet
750 2288 783 2352 in
799 2289 999 2354 hodiernum
1015 2289 1105 2354 diem
1115 2290 1138 2353 3.

378 2391 494 2454 Mense
513 2389 667 2455 Januario
688 2392 738 2455 vel
753 2393 778 2454 F
782 2390 971 2467 ebroariol,
992 2392 1155 2469 Johanna,
1178 2390 1294 2479 regina
1314 2391 1455 2454 Navarre

335 2507 368 2558 et
385 2491 554 2557 comitissa
579 2493 778 2581 Campania,
802 2493 914 2581 neptis
948 2493 981 2557 in
1010 2493 1158 2559 secundo
1183 2492 1288 2581 gradu
1315 2504 1351 2555 et
1378 2507 1456 2552 uxor

335 2595 482 2684 Philippi
515 2597 718 2660 Francorum
749 2596 838 2685 regis
874 2609 907 2660 et
936 2595 1076 2660 Francia
1106 2595 1234 2685 regina,
1263 2591 1454 2659 fidelissima

336 2698 488 2763 dilectrix
509 2711 541 2763 et
558 2698 696 2763 amatrix
714 2698 879 2764 minorum
892 2700 1045 2762 Fratrum
1058 2695 1341 2763 acliberaliasima
1357 2694 1453 2759 bene-

335 2801 453 2864 factrix
468 2799 563 2878 obiit,
582 2799 667 2889 apud
686 2803 818 2866 Fratres
833 2801 979 2865 minores
995 2800 1133 2865 Parisiis
1154 2799 1297 2887 sepulta.
1318 2801 1406 2882 Quo,
1424 2803 1456 2856 ut

330 2903 520 2989 dicebatur,
541 2903 817 2980 Flandrensibus,
834 2903 911 2966 dum
925 2902 1067 2982 viveret,
1090 2902 1178 2990 apud
1197 2925 1308 2992 regem
1327 2916 1361 2966 et
1379 2920 1455 2963 oon·

338 3006 480 3070 siliarios
502 3029 591 3084 suos,
610 3027 649 3069 eo
667 3004 756 3093 quod
774 3005 857 3069 duos
878 3005 1059 3070 avunculos
1077 3006 1279 3082 Robertum,
1303 3003 1455 3067 comitem

337 3109 623 3184 Attrebatensem,
645 3119 678 3171 et
697 3107 855 3172 Jacobum
873 3107 915 3171 de
937 3108 1183 3172 Sancto-Paulo
1199 3120 1231 3170 et
1247 3107 1361 3195 plures
1378 3101 1456 3170 alios

340 3210 468 3274 nobiles
484 3210 526 3274 de
539 3209 711 3297 parentela
732 3211 839 3274 suain
859 3209 1017 3274 Flaudria
1037 3209 1209 3288 emiserat,
1228 3209 1368 3274 multum
1392 3210 1456 3271 lue·

339 3325 389 3376 rat
404 3313 437 3376 in
459 3312 599 3376 oonsilio
617 3313 733 3377 nociva
746 3325 779 3376 et
794 3311 939 3377 inimica.

384 3413 478 3479 Circa
499 3413 703 3503 principium
721 3413 832 3481 Martii
844 3417 867 3492 5,
888 3413 1135 3481 illustrissimus
1153 3429 1186 3479 et
1206 3414 1404 3478 mitissimus
1423 3429 1457 3472 cc

370 3665 392 3711 1.
410 3665 445 3712 Le
456 3663 495 3710 roi
509 3663 541 3710 de
552 3664 660 3720 France,
673 3663 743 3711 saint
754 3664 842 3722 Locis,
856 3668 882 3710 et
893 3663 917 3711 le
930 3664 1048 3711 cardinal
1058 3663 1144 3712 Eudes
1159 3663 1191 3712 de
1202 3663 1386 3712 Chateuuroux
1398 3675 1458 3725 pro-

341 3729 482 3774 nonetrent
499 3726 713 3774 solennellcment
724 3727 782 3773 leur
797 3730 943 3774 sentences
958 3727 1041 3783 Paris,
1055 3742 1085 3772 en
1098 3726 1185 3789 juillet
1198 3727 1268 3773 tato.
1282 3725 1425 3780 Duvrvtun,
1440 3721 1458 3780 l,

341 3791 396 3898 153:
414 3849 561 3898 Gnillaume
581 3850 612 3896 de
631 3850 797 3913 Dampierre,
819 3852 861 3898 fils
879 3854 937 3898 alne'
956 3851 988 3897 de
1005 3851 1155 3900 Guillaume
1173 3850 1205 3897 de
1219 3851 1373 3913 Dompierra
1393 3846 1458 3896 etde

342 3913 500 3986 Marguerjte
511 3913 542 3986 de
550 3912 774 3985 Constantinople,
789 3915 828 3959 lut
838 3917 880 3961 tud
891 3913 915 3986 le
925 3914 1002 3976 ssjuin
1014 3914 1083 3974 1251,
1095 3930 1128 3962 au
1139 3913 1242 3960 tournoi
1253 3911 1459 3986 deTrarapnies.

373 3978 396 4022 3.
415 3975 553 4023 L'lustorre
563 3975 598 4022 du
611 3977 701 4022 conflat
712 3975 831 4022 entreles
845 3991 960 4022 maisons
974 3977 1113 4024 d'Aveanes
1125 3975 1189 4023 etde
1200 3977 1361 4040 Dampicrre,
1375 3986 1459 4022 issues

343 4039 388 4085 des
401 4037 467 4084 deux
484 4036 616 4100 mariages
631 4037 663 4084 de
680 4037 762 4099 Marg.
781 4036 813 4085 de
828 4038 1057 4101 Constantinoplc,
1071 4055 1087 4086 a
1099 4041 1139 4086 dte
1152 4041 1262 4102 exposta
1275 4053 1305 4084 en
1320 4037 1400 4084 detail
1414 4049 1459 4100 par

343 4101 389 4150 Ch.
411 4100 544 4174 Dpvivier,
564 4104 600 4146 La
617 4097 727 4163 querella
744 4099 789 4146 des
808 4099 943 4148 d¹Averner
961 4106 986 4148 et
1001 4101 1046 4147 der
1060 4101 1217 4163 Dampr'erre,
1231 4099 1376 4155 Bruxelles,
1390 4099 1458 4150 tuot,

342 4165 356 4210 2
372 4162 513 4275 lul-ltilliiiie
524 4224 554 4271 de
565 4225 682 4272 Navarra
696 4230 801 4271 mourut
813 4239 847 4272 uu
858 4224 967 4272 chateau
980 4226 1012 4273 da
1022 4225 1167 4272 Vincsnnes
1181 4223 1204 4271 lo
1218 4225 1231 4270 2
1247 4223 1315 4270 avrll
1327 4223 1396 4270 1305.

375 4291 397 4335 5.
417 4287 467 4336 uni
481 4287 513 4336 de
526 4286 679 4350 Dampierre
692 4292 797 4334 mourut
809 4291 824 4334 t
842 4287 1010 4350 Compitgne,
1026 4289 1049 4334 le
1063 4290 1075 4335 7
1090 4302 1160 4335 mara
1174 4288 1243 4341 1³05.
1258 4288 1307 4349 Age
1319 4286 1352 4333 de
1361 4288 1391 4334 80
1403 4297 1458 4334 ans.
