3154 5190
320 415 357 470 to,
699 411 847 462 ANNALES
865 411 1061 462 GANDENSES
1378 409 1448 458 tace
1540 459 1541 482 ἶ

320 533 402 612 Nam
417 531 602 608 lohannes,
627 528 787 594 Guidoet
802 528 1003 597 Wilhelmus
1021 553 1099 609 suos
1121 527 1279 616 precibus
1299 541 1331 594 et
1348 528 1447 594 blan-

321 633 599 716 dissermonibus
618 632 658 700 ad
677 633 859 718 jacendum
879 631 1046 698 stabiliter
1061 631 1444 719 induxerunt,'eosque,

321 759 395 804 curn
420 735 514 823 equis
533 733 601 803 suis
629 735 816 802 necessaria
844 734 1028 800 delicerent
1048 733 1217 812 victualia,
1240 757 1305 822 que
1325 733 1447 822 vulga-

321 839 402 909 riter
421 838 546 928 foragia
560 850 728 915 vocantur,
752 838 793 902 ad
810 836 910 902 alium
927 835 1037 902 locum
1058 849 1165 902 tutum
1177 838 1271 922 juxta
1291 835 1445 912 Felines,

321 952 355 1022 et
377 940 421 1007 ita
441 940 669 1028 propinquum
694 937 765 1028 regi
790 939 875 1004 siout
902 939 1062 1026 priorem,
1089 939 1312 1004 adduxerunt.
1345 939 1455 1014 Juxta,

320 1065 418 1130 quern
434 1043 513 1118 satis
530 1041 632 1114 multa
652 1038 806 1106 victualia
818 1053 974 1129 poterant
988 1039 1138 1106 iuvenire
1155 1053 1188 1104 et
1202 1041 1299 1104 etiam
1318 1038 1445 1104 minori

321 1168 460 1212 numero
479 1144 641 1218 residere.
900 1211 902 1218 ,

336 1249 402 1324 ,ln
436 1269 502 1334 quo
536 1245 610 1312 loco
641 1245 725 1310 facta
760 1259 810 1322 est
840 1243 993 1333 aliqualis
1025 1242 1193 1310 dissensio
1223 1242 1257 1308 in
1292 1244 1445 1310 exercitu

319 1347 531 1415 Flaudrensi.
561 1348 763 1424 Wilhelmus
780 1346 868 1414 enim
887 1347 1087 1416 Juliacensis
1111 1361 1145 1414 et
1163 1348 1257 1415 multi
1278 1348 1319 1412 de
1345 1371 1447 1412 exer-

321 1451 389 1516 citu
425 1451 580 1516 omuibus
617 1450 724 1521 modis
751 1452 898 1515 Francos
934 1462 967 1515 et
998 1475 1110 1539 regem
1139 1449 1315 1515 voluerunt
1349 1450 1446 1513 inva-

321 1553 400 1618 dere
421 1565 454 1617 et
476 1553 576 1617 finem
603 1553 712 1617 l'acere
736 1552 776 1638 de
800 1554 952 1641 negotio,
976 1552 1116 1638 undeet
1140 1577 1202 1641 ego
1223 1552 1290 1616 vidi
1305 1565 1444 1640 pontem

321 1656 498 1744 quemdam
520 1657 640 1720 laetum
657 1680 757 1744 super
774 1679 873 1719 naves
893 1655 1055 1744 quinque,
1073 1656 1257 1719 factitatum
1276 1655 1316 1718 ad
1333 1655 1447 1720 latitu-

322 1757 434 1824 dinem
447 1757 582 1824 circiter
595 1757 734 1848 triginta
750 1757 887 1846 pedum,
907 1770 943 1822 ut
956 1782 1101 1846 pereum
1124 1759 1291 1823 exereitus
1306 1756 1445 1822 lluvium

322 1860 530 1952 quemdam'¹‚
549 1860 606 1950 qui
623 1862 713 1924 venit
728 1860 769 1924 de
786 1862 899 1925 Duaco
911 1883 1025 1925 versus
1041 1861 1187 1935 Felines,
1204 1860 1445 1948 pertransiret;

322 1963 380 2026 sed
398 1963 567 2028 lohannes
586 1977 619 2027 et
640 1962 749 2027 Guido
771 1977 804 2026 et
826 1962 940 2051 plures
960 1963 1015 2027 alii
1045 1963 1228 2051 prudentes
1246 1975 1278 2026 et
1299 1963 1445 2051 experti,

322 2066 385 2132 hoc
410 2063 579 2144 nolentes,
610 2065 877 2154 prevaluerunt‘l.

368 2170 481 2256 ltaque
506 2169 592 2232 circa
615 2167 714 2231 finem
738 2169 862 2231 mensis
891 2167 1118 2258 Septembris,
1147 2190 1203 2232 rex
1225 2179 1258 2230 et
1277 2165 1447 2234 exereitus

324 2295 415 2347 suus,
433 2294 506 2334 cum
519 2270 607 2334 iuter
620 2271 767 2358 quinque
779 2271 1093 2358 etsexseptimanas
1110 2269 1145 2334 in
1157 2267 1304 2337 Vitriaco
1313 2281 1345 2332 et
1355 2267 1448 2332 circa

319 2373 516 2461 jacuissent,
536 2371 770 2438 deficientibus
782 2372 830 2437 eis
842 2372 1039 2437 victualibus
1056 2397 1116 2460 pro
1131 2371 1225 2460 equis
1235 2411 1279 2420 --
1292 2391 1447 2436 consum-

323 2487 460 2562 pserant
474 2476 562 2538 enini
579 2476 688 2538 omnia
707 2476 843 2564 foragia,
864 2499 928 2564 que
945 2499 1005 2564 per
1026 2475 1141 2539 decern
1160 2474 1311 2538 milliaria
1328 2497 1448 2537 versus

323 2577 496 2642 Franciam
520 2591 551 2642 et
579 2577 763 2642 Hanouiam
788 2590 944 2664 poterant
964 2577 1105 2642 inveniri
1135 2615 1180 2628 -
1202 2601 1275 2640 cum
1304 2574 1447 2640 maxima

324 2679 521 2745 confusione
542 2678 583 2743 de
604 2679 693 2744 dicto
715 2679 788 2743 loco
809 2691 1020 2744 recesserunt
1041 2692 1074 2742 et
1092 2679 1305 2770 aufugerunt,
1323 2676 1448 2767 aliqui-

324 2781 386 2844 bus
426 2781 600 2848 indomitis
643 2782 826 2870 Flamingis
858 2793 974 2870 contra
1012 2781 1214 2847 voluntatem
1252 2779 1447 2868 principum

326 2907 461 2962 suorum
482 2908 539 2948 eos
560 2884 830 2973 insequentibus,
854 2867 911 2972 qui
929 2883 1003 2948 vina
1025 2897 1058 2948 et
1083 2882 1219 2959 cibaria,
1238 2906 1303 2971 que
1324 2883 1448 2947 Franci

326 3009 384 3073 pre
406 2984 619 3068 festinatione
643 2987 720 3074 fuge
737 3009 849 3050 secum
870 2986 1000 3048 deferre
1031 2984 1225 3074 nequibant,
1246 2997 1448 3050 voraverunt

326 3105 359 3156 et
393 3105 587 3180 rapuerunt.
621 3092 845 3158 Flnndrenses
879 3107 988 3156 autem
1023 3091 1195 3156 redeundo
1232 3091 1274 3154 ud
1308 3091 1446 3178 propria

326 3197 513 3260 Turnacum
533 3193 640 3260 tribus
665 3194 783 3260 diebus
804 3185 1020 3272 obsederunt,
1043 3194 1161 3282 darnna
1186 3192 1328 3281 plurima
1356 3193 1447 3260 dicte

327 3296 450 3385 civitati
467 3297 725 3388 circumquaque
740 3295 934 3364 inferentes
955 3301 1064 3386 lpsarn
1080 3309 1203 3372 tamen,
1222 3294 1286 3360 nisi
1300 3295 1446 3386 longiori

325 3411 476 3485 tempore
497 3399 665 3464 sedissent
689 3401 876 3477 circaeam,
899 3423 966 3463 non
989 3411 1144 3487 poterant
1164 3397 1334 3476 obtinere;
1359 3399 1447 3462 unde

327 3500 448 3566 bellico
472 3501 615 3568 tumultu
649 3501 762 3568 lassati
800 3526 836 3566 ac
873 3502 1028 3589 expensis
1058 3501 1209 3566 maximis
1245 3525 1306 3587 per
1342 3512 1446 3566 totam

327 3615 464 3670 estatem
493 3606 693 3692 pregravoti,
722 3627 792 3668 eam
825 3604 1051 3694 reliqueuunt,
1081 3603 1113 3667 in
1140 3602 1354 3668 tabernacula
1387 3627 1445 3668 sua

327 3719 543 3770 revertentes.

372 3809 486 3872 llieme
505 3808 692 3897 sequenti3,
711 3833 768 3874 rex
790 3807 910 3874 multus
927 3808 1102 3874 solidarios
1121 3807 1250 3896 equites
1268 3821 1300 3874 et
1313 3808 1445 3898 pedites

357 4019 380 4128 l.
398 4019 587 4128 bisslbllriiesde
599 4079 678 4128 Guill.
690 4080 721 4126 de
733 4079 839 4137 Juliers,
851 4055 943 4128 encore
956 4081 1074 4140 ineditos,
1089 4081 1243 4128 conservees
1257 4097 1307 4128 nux
1319 4079 1446 4126 Archives

326 4141 393 4190 dela
408 4143 468 4191 ville
485 4143 516 4190 de
535 4144 646 4204 Bruges,
665 4142 826 4205 te'moignent
846 4143 890 4190 des
908 4143 1104 4194 dissentimeuta
1118 4143 1162 4206 qui
1180 4144 1340 4200 a'eler‘ereut,
1354 4144 1446 4192 dcette

326 4208 434 4270 speque,
448 4212 520 4258 entre
534 4205 614 4254 Guill.
629 4205 766 4252 dedulicrs
779 4206 853 4254 elles
865 4205 906 4254 fils
923 4207 954 4254 de
968 4205 1016 4258 Gui
1030 4207 1062 4256 de
1074 4204 1234 4272 Duurpicrre.

357 4269 380 4316 3.
401 4269 444 4317 Fin
459 4269 603 4317 taur-comt
617 4267 686 4317 1303.
