3154 5190
362 473 393 524 88
742 473 891 522 anastas
909 473 1104 522 GANDENSES
1420 475 1471 520 1306

364 605 396 656 et
419 613 553 655 uxorem
579 589 707 654 domiui
728 590 768 654 de
788 590 999 680 Adenghem,
1026 591 1059 655 io
1086 591 1248 669 Hanania,
1278 605 1312 656 et
1337 591 1469 666 tertiam,

364 716 427 781 que
447 691 564 757 habuit
583 693 768 757 Mattbeam
783 693 825 757 de
844 692 1070 783 Lotharingia.
1093 697 1159 759 lstc
1182 694 1353 759 Robertus
1381 692 1473 756 solam

364 795 482 860 habuit
505 795 694 860 Flandriam
716 795 995 884 Flamingantem,
1019 795 1060 859 iis
1089 797 1297 885 temporibus
1322 820 1416 884 rege,
1446 807 1475 857 ut

364 897 551 986 predictum
572 909 638 976 est,
665 896 775 962 villam
803 897 1010 962 Insulensem
1034 910 1067 962 et
1087 901 1295 963 Duacensem
1322 921 1397 962 cum
1416 895 1475 959 suis

363 999 542 1064 territoriis
581 1023 643 1088 pro
675 999 874 1065 vadimoniis
917 999 1102 1065 detinente.
1146 1000 1344 1087 Philippos,
1386 1000 1477 1063 srater

364 1102 516 1180 Roberti,
535 1101 575 1166 ad
594 1102 679 1166 duos
703 1101 878 1166 comitatus
905 1127 982 1166 suos
1007 1127 1127 1190 parvos
1150 1127 1190 1167 ex
1209 1116 1304 1190 parte
1320 1102 1434 1168 uxoris
1448 1101 1475 1162 in

364 1205 491 1270 ltaliam
514 1228 666 1269 reversus
682 1217 750 1282 est,
773 1205 986 1268 etJohanncs
1007 1205 1243 1270 Namureensis
1259 1219 1291 1268 et
1315 1203 1428 1269 Gaido
1450 1215 1478 1264 et

363 1306 527 1370 Heuricus
545 1307 745 1395 quandoque
759 1308 793 1370 in
809 1320 896 1371 terra
912 1331 988 1386 sua,
1005 1307 1206 1397 quandoque
1223 1309 1254 1372 iu
1273 1305 1431 1372 Flandria
1447 1327 1478 1366 sc

365 1422 556 1473 tenuerunt.

863 1662 988 1729 1306.

407 1883 503 1947 Anno
519 1881 651 1946 Domini
673 1883 906 1960 .M.CCC.V1.,
924 1906 1035 1946 mense
1052 1881 1139 1946 Maio
1152 1883 1174 1958 ¹,
1197 1883 1281 1945 obiit
1294 1879 1478 1970 prudentis·

364 1987 444 2048 sima
463 1984 638 2050 domicella
657 1984 829 2071 Philippa,
861 1997 895 2048 ut
915 1984 1103 2072 predictum
1132 1998 1194 2060 est,
1223 2009 1345 2072 sponsa
1370 1982 1478 2069 uuigo-

364 2088 425 2151 n'iti
442 2088 501 2152 filii
522 2088 692 2166 Edwardi,
713 2089 803 2177 regis
818 2088 952 2177 Anglie,
973 2088 1038 2152 salia
1060 2087 1227 2152 Guidonis
1241 2088 1388 2163 comitis,
1408 2107 1476 2172 que,

364 2189 519 2254 omnibus
533 2189 671 2277 captivis
688 2190 729 2254 ad
745 2191 894 2254 naturale
906 2191 1013 2254 solum
1027 2215 1066 2253 ex
1080 2203 1220 2278 utraque
1233 2205 1328 2278 parte
1347 2189 1479 2254 redeun-

363 2294 466 2369 tibus,
483 2292 552 2357 sola
571 2294 698 2380 captiva
716 2291 834 2357 curiali
851 2317 924 2356 cum
947 2292 1154 2380 captivitate,
1175 2305 1291 2382 utpote
1310 2317 1387 2356 cum
1411 2287 1479 2353 filiis

365 2408 398 2458 et
417 2395 548 2459 filiabus
568 2394 669 2486 regis,
693 2395 864 2470 remansit,
893 2408 937 2471 et,
966 2409 1000 2459 ut
1022 2395 1208 2472 dicebatur,
1235 2421 1275 2459 ne
1303 2397 1478 2461 Robortus,

367 2521 477 2562 comes
493 2497 664 2575 Flandrie,
687 2510 720 2562 et
743 2498 859 2562 fratres
883 2499 954 2584 ejus
971 2522 1031 2584 per
1051 2498 1242 2586 conjugium
1264 2497 1372 2584 ipsius
1394 2493 1479 2560 l'orti·

366 2599 556 2676 licarentur,
576 2599 787 2664 dolosissime
806 2600 846 2664 ab
863 2599 1030 2687 aliquibus
1047 2603 1118 2687 ejus
1135 2599 1291 2688 dignitati
1309 2595 1480 2674 invidenti·

366 2702 428 2764 bus
442 2715 474 2764 et
491 2702 559 2790 regi
577 2701 716 2766 Francia
735 2702 920 2766 laventibus
938 2700 996 2766 luit
1010 2702 1203 2768 intoxicata.
1223 2701 1319 2767 Unde
1336 2715 1369 2766 et
1382 2703 1477 2788 justo,

366 2804 554 2881 indicitur,
576 2805 637 2868 Dei
659 2804 787 2888 judicio
815 2803 1000 2869 Edwardus
1032 2828 1099 2880 rex,
1125 2804 1180 2891 qui
1204 2804 1371 2890 sponsalia
1403 2805 1482 2866 inter

367 2907 469 2970 lilium
493 2931 587 2970 suum
609 2920 641 2971 et
662 2907 766 2994 ipsam
795 2919 964 2970 contracta
984 2931 1049 2970 non
1075 2909 1331 2994 exsequebatur,
1354 2920 1394 2970 ut
1411 2927 1481 2994 pro·

367 3009 513 3086 miserat,
531 3008 617 3073 circa
637 3009 735 3071 finem
757 3008 852 3072 istius
874 3009 952 3072 anai
979 3009 1086 3073 linivit
1107 3009 1240 3086 vitnml,
1264 3022 1298 3072 et
1323 3003 1480 3074 successit

366 3113 395 3174 ei
413 3112 500 3175 lilius
521 3113 602 3198 ejus.

412 3216 478 3276 Isto
500 3213 596 3278 etiam
617 3236 703 3276 anno
720 3227 752 3276 et
768 3213 962 3301 precedenti
976 3226 1009 3276 et
1027 3212 1258 3302 subsequenti,
1277 3213 1391 3278 habita
1411 3219 1481 3275 sunt

367 3316 571 3404 parlamenta
606 3315 746 3403 plurima
776 3329 810 3379 et
839 3315 932 3379 multi
965 3328 1123 3378 tractatus
1153 3316 1242 3380 inter
1275 3313 1481 3380 consiliarios

368 3417 455 3504 regis
480 3431 513 3481 et
534 3417 774 3494 Flandrenses‚
797 3418 838 3481 de
864 3417 966 3481 forma
992 3418 1131 3481 emende
1160 3417 1268 3482 fiende
1291 3417 1374 3506 regi.
1399 3422 1480 3499 Qan-

367 3533 442 3584 tuor
462 3519 550 3585 enim
568 3519 704 3597 arbitri,
723 3521 780 3608 qui
798 3533 892 3584 erant
910 3544 950 3582 ex
972 3533 1065 3608 parte
1087 3521 1187 3610 regis,
1211 3534 1307 3584 crant
1323 3519 1434 3608 magni
1454 3527 1483 3578 et

368 3623 497 3687 nobiles
518 3621 690 3700 comites3,
718 3623 793 3710 quia
819 3645 903 3686 unus
929 3646 1042 3685 eorum
1066 3635 1136 3686 erat
1159 3623 1358 3692 Ludovicus.
1387 3625 1481 3686 lintei·

367 3726 472 3814 ipsius
492 3749 530 3788 ex
555 3737 649 3812 parte
673 3725 795 3812 patris3
821 3737 963 3812 quatuor·
987 3737 1109 3801 autem,
1139 3725 1196 3812 qui
1220 3739 1314 3789 erant
1334 3750 1399 3813 pro
1413 3723 1482 3790 Fla·

385 3962 420 4032 .¹·
439 3960 547 4033 D'uprbs
564 3961 588 4007 le
605 3959 787 4032 carolinuateur
799 3959 830 4006 de
843 3960 942 4022 Naiogis
956 3961 1138 4033 (D3Bouqaet,
1153 3961 1203 4016 XX,
1220 3962 1274 4016 588,
1290 3961 1319 4024 E)
1333 3966 1358 4006 et
1370 3960 1396 4007 lu
1408 3959 1483 4007 chro-

365 4023 491 4132 pteqqelglq
501 4022 917 4145 {pppiteqlqprprqqibcqlt:Offilfaghssl,
935 4023 1084 4086 Philippine
1097 4023 1129 4070 de
1143 4023 1296 4085 Dampierre
1308 4023 1388 4070 serait
1403 4025 1482 4070 morte

296 4163 299 4168 ·
397 4149 418 4194 2.
437 4147 581 4195 Edouardl
596 4149 725 4194 mourut&
739 4146 976 4209 Burgh·on-Sonds
990 4146 1013 4193 le
1027 4148 1039 4193 7
1051 4145 1119 4208 juill.
1134 4147 1203 4193 1307.

395 4211 418 4258 3.
437 4211 484 4257 Les
498 4209 678 4270 negociateurs
689 4209 722 4255 du
738 4209 814 4254 truite
828 4209 927 4256 d'Athis
941 4208 1050 4263 etaient,
1065 4225 1132 4271 pour
1149 4208 1173 4255 le
1187 4207 1225 4254 roi
1238 4207 1269 4254 de
1283 4209 1390 4262 Franco,
1406 4205 1479 4257 tomi

365 4272 501 4333 d'llvreux,
520 4273 586 4319 lacre
600 4271 633 4317 du
647 4272 702 4324 lloi,
717 4272 739 4317 le
754 4271 804 4318 duc
817 4270 881 4319 Rob.
901 4271 931 4316 de
945 4272 1116 4334 Bourgugne,
1127 4275 1152 4316 et
1165 4271 1202 4316 lca
1218 4277 1316 4317 comtes
1331 4272 1438 4319 Amttdeo
1451 4269 1480 4316 ‹le

367 4334 459 4381 Saucia
473 4343 497 4382 et
510 4335 573 4381 dean
588 4334 619 4382 de
630 4334 723 4381 Dreux.
