3178 5192
563 473 814 526 lnrnonucrlon
1197 491 1247 528 xnv

127 618 195 664 son
217 594 394 665 ennemie
409 591 650 690 implacable‚
667 592 703 664 le
717 597 833 665 retint
846 592 944 667 deux
961 618 1042 665 ane.
1062 595 1117 666 En
1139 595 1245 674 1221,

126 716 152 787 il
177 719 233 788 fut
255 719 325 790 mis
348 742 395 788 en
419 716 569 802 liberte,
594 719 688 790 mais
711 743 801 790 sous
826 716 862 790 la
881 717 1094 802 condition,
1118 745 1192 817 que
1213 718 1248 790 la

126 857 320 914 comtesse
351 841 400 913 lui
433 844 594 941 imposa,
626 841 717 941 qu’il
752 844 838 914 irait
867 843 1018 941 jusqu'o
1055 847 1173 916 Rome
1207 868 1249 916 se

128 981 267 1041 mettre
293 993 340 1039 en
365 966 471 1064 regle
499 992 590 1040 avec
614 948 783 1064 l’Eglise.
811 969 957 1040 Durant
984 981 1086 1040 cene
1108 967 1249 1068 longus

125 1092 309 1174 absence,
341 1095 485 1164 Jeanne
518 1093 755 1190 ponrsuivait
788 1118 877 1164 sans
911 1092 1063 1166 relbche
1093 1093 1249 1166 l’oeuvre

124 1215 266 1314 qu'elle
289 1219 388 1289 avait
408 1219 622 1315 entreprise
643 1242 708 1290 sur
728 1216 875 1316 l'esprit
894 1216 1009 1289 saible
1028 1233 1066 1291 et
1087 1220 1249 1317 impres-

124 1340 326 1414 sionnable
358 1340 406 1416 de
438 1367 479 1414 sa
513 1367 625 1414 soenr.
665 1341 747 1416 Ello
780 1343 957 1442 atteignit
992 1368 1061 1414 son
1099 1341 1167 1416 but
1200 1369 1248 1416 en

125 1465 334 1539 novembre
355 1467 446 1538 {223
466 1495 473 1538 :
493 1475 604 1565 apres
621 1469 725 1540 avoir
738 1465 891 1539 declaro
905 1492 981 1565 que
994 1491 1063 1540 son
1084 1469 1249 1568 mariage

124 1617 216 1664 avec
246 1590 445 1664 Ronchard
474 1590 684 1666 d’Avesnes
712 1594 805 1666 etait
834 1591 913 1676 nul‚
943 1595 1174 1691 Marguerite
1200 1592 1249 1665 de

125 1715 445 1815 Constantinople
462 1760 511 1770 —
530 1715 730 1790 Boucbard
748 1722 856 1789 etant
870 1725 891 1788 ὲ
907 1719 1027 1790 Rome
1041 1761 1090 1770 -
1104 1721 1249 1816 epousa

126 1840 339 1914 Guillaume
353 1841 403 1914 de
421 1843 656 1939 Dampierre,
675 1840 819 1914 second
839 1839 900 1913 fils
920 1840 969 1914 de
986 1844 1055 1915 Gui
1071 1841 1119 1914 de
1133 1845 1250 1916 Dam-

125 1968 265 2064 pierre‚
287 1965 517 2039 connotable
532 1966 581 2038 de
601 1967 860 2066 Champagne,
875 1981 914 2039 et
932 1965 980 2038 de
1001 1965 1183 2040 Mathilde
1202 1967 1250 2041 de

127 2091 320 2163 Bourbon.

176 2214 388 2289 Guillaume
407 2215 456 2288 de
478 2218 714 2314 Dampierre,
737 2241 781 2288 ce
801 2216 945 2290 second
969 2219 1060 2290 mari
1081 2216 1129 2290 de
1149 2222 1249 2292 Mar-

124 2343 288 2440 guerno,
311 2355 464 2414 mourut
478 2365 526 2414 en
547 2343 636 2412 1231
655 2366 704 2414 ou
723 2342 829 2426 1232,
846 2350 957 2441 apres
973 2345 1079 2415 avoir
1094 2368 1140 2416 eu
1159 2346 1249 2442 cinq

126 2465 277 2538 ensants
303 2464 351 2540 de
377 2491 417 2538 sa
446 2465 585 2538 femme
609 2493 617 2536 ε
645 2468 739 2538 trois
766 2464 840 2552 fils,
866 2466 1092 2550 Guillaume,
1116 2471 1185 2542 Gui
1210 2484 1250 2541 et

124 2594 231 2674 ioan,
254 2605 292 2664 et
310 2589 407 2664 deux
429 2590 540 2677 filles,
559 2592 676 2663 Mario
692 2604 730 2662 et
746 2594 904 2664 Jeanne.
922 2595 1049 2688 Quant
1064 2619 1135 2666 aux
1150 2592 1251 2666 deux

126 2715 187 2788 fils
207 2714 257 2788 de
278 2714 475 2788 Boucbard
497 2713 721 2802 d'Avesnes,
746 2714 792 2788 ils
815 2718 960 2788 etaient
984 2717 1085 2791 alors
1104 2718 1250 2792 confles

126 2841 202 2914 {ila
227 2840 346 2938 garde
372 2839 686 2913 d'Archambault
712 2839 760 2914 de
786 2842 980 2914 Bourbon.
1004 2847 1248 2944 Marguerite‚

125 2981 212 3040 tout
227 2968 373 3038 entiere
388 2991 460 3038 aux
477 2964 687 3038 influences
703 2970 917 3064 presentes
935 2969 1161 3067 temoignait
1176 2993 1249 3042 une

126 3089 306 3164 affection
327 3089 375 3163 de
396 3089 482 3189 plus
508 3115 555 3164 en
583 3089 669 3188 plus
694 3092 778 3162 vive
803 3117 874 3163 aux
897 3090 1049 3164 enfants
1072 3092 1120 3166 de
1144 3094 1249 3167 Guil-

125 3216 253 3290 laume
278 3215 326 3288 de
358 3218 580 3314 Dampierre
607 3230 647 3287 et
679 3240 845 3314 presque
873 3215 922 3289 de
951 3216 1153 3290 l'aversion
1177 3245 1249 3292 aux

125 3340 278 3414 ensants
296 3340 345 3413 de
361 3339 563 3413 Bouobard
581 3338 805 3412 d’Avesn'es.
824 3343 883 3414 Un
903 3340 1036 3414 conflit
1052 3345 1138 3444 aigu
1156 3348 1250 3418 etait

126 3465 333 3539 inevitable
356 3479 465 3539 entre
482 3463 538 3538 les
559 3463 710 3537 enfants
731 3464 800 3538 des
820 3463 918 3538 deux
934 3467 1010 3540 lits.
1034 3468 1123 3541 L’an
1141 3471 1246 3556 1236,

124 3618 178 3664 un
210 3598 438 3664 e've'nement
471 3589 575 3662 allait
611 3614 751 3663 encore
778 3589 1024 3679 l'aocentuer‚
1055 3619 1123 3692 par
1151 3595 1249 3666 l'im·

124 3730 310 3816 portance
344 3713 614 3788 considerable
654 3714 747 3812 qu'il
781 3714 886 3788 allait
920 3716 1067 3790 donner
1098 3728 1119 3791 ὲ
1155 3719 1248 3794 l'en-

122 3844 187 3940 jeu
218 3871 224 3913 :
255 3841 291 3913 la
317 3839 395 3914 fille
423 3842 564 3938 unique
592 3838 640 3913 de
667 3843 811 3914 Jeanne
840 3839 887 3913 de
917 3843 1246 3944 Constantinople‚

125 3967 307 4040 heritiere
327 3965 396 4038 des
416 3971 564 4038 comtes
584 3962 632 4036 de
658 3963 819 4038 Flondre
839 3980 878 4039 et
899 3965 948 4038 de
969 3969 1145 4054 Hainaut‚
1161 3973 1250 4044 'vint

126 4101 146 4164 ὸ
165 4093 320 4164 mourir.
336 4095 479 4164 Jeanne
492 4115 535 4163 se
550 4088 638 4162 hirta
656 4088 703 4162 de
719 4114 761 4162 se
777 4093 958 4164 remarier
975 4118 1066 4166 aveo
1083 4096 1248 4170 Thomas

125 4217 174 4290 de
196 4219 351 4296 Savoie;
372 4218 464 4288 mais
483 4240 553 4287 son
573 4217 703 4312 espoir
722 4213 778 4287 fut
792 4223 964 4314 trompe:
988 4217 1062 4292 elle
1079 4220 1165 4292 n’en
1184 4239 1249 4296 eut
