3178 5192
357 439 388 488 26
734 439 883 487 ANNALES
901 437 1096 487 GANDENSES
1414 439 1471 486 1302

358 560 394 621 ln
427 570 518 620 tanto
547 556 644 620 etiam
674 557 808 622 fuerunt
837 557 999 645 periculo,
1031 556 1121 644 quod
1148 557 1209 621 sub
1238 557 1361 621 Jacobo
1394 581 1477 620 unus

356 660 542 724 dextrarius
563 659 622 723 luit
638 659 832 735 confossus,
857 672 889 723 et
908 658 972 724 nisi
992 657 1148 748 armigeri
1165 659 1213 723 sui
1235 659 1397 723 velociter
1416 659 1477 721 sibi

357 762 398 825 de
415 759 479 826 alio
496 761 734 850 providissent,
757 761 883 827 ibidem
901 760 1017 826 suisset
1037 761 1181 826 occisus.
1199 763 1325 826 Dicunt
1345 762 1477 832 Franci,

357 887 433 927 suos
454 864 488 927 iu
514 865 575 928 hac
602 887 713 952 pugna
733 862 917 952 proditiose
939 865 1041 928 luisse
1061 865 1166 927 victos
1187 876 1221 927 et
1240 863 1391 942 occisos;
1423 863 1478 926 sed

357 980 459 1039 certe,
482 965 568 1030 sicut
587 990 650 1056 ego
674 965 870 1055 diligentius
891 965 985 1054 potui
1009 965 1223 1056 investigare,
1253 967 1280 1031 si
1302 966 1415 1054 aliqua
1435 965 1480 1028 ibi

356 1067 504 1156 proditio
530 1067 601 1144 luit,
628 1081 708 1132 tunc
736 1069 832 1155 pauci
860 1067 966 1156 ipsius
995 1081 1089 1132 erant
1111 1068 1251 1138 conscii.
1286 1092 1347 1132 nec
1368 1081 1479 1131 tamen

357 1172 421 1234 hoc
455 1169 737 1235 certitudinaliter
765 1170 895 1248 inveni;
923 1169 989 1233 imo
1024 1170 1136 1259 potius
1164 1169 1290 1233 debent
1316 1171 1380 1234 hoc
1415 1167 1481 1233 suis

358 1273 540 1361 imputare,
565 1273 621 1359 qui
652 1273 761 1336 miuus
788 1285 883 1336 caute
911 1284 941 1336 et
964 1271 1148 1361 prudenter
1168 1271 1279 1336 villam
1303 1295 1369 1336 non
1395 1272 1481 1334 bene

359 1374 519 1439 munitam
548 1376 772 1453 intraverunt,
795 1389 845 1438 tot
876 1376 1097 1439 existentibus
1125 1374 1212 1438 circa
1238 1388 1271 1439 et
1291 1376 1383 1461 juxta
1411 1396 1481 1435 eam

358 1477 502 1541 inimicis
524 1476 592 1542 suis
613 1477 825 1565 capitalibus,
845 1477 985 1542 fortibus
1007 1492 1040 1542 et
1068 1478 1152 1540 bene
1178 1478 1313 1540 armatis
1334 1489 1367 1540 et
1386 1474 1480 1564 quasi

359 1579 558 1667 desperatis.
573 1581 715 1644 lacobus
731 1579 834 1668 igitur
856 1579 987 1666 fugiens
1003 1580 1092 1643 venit
1109 1581 1318 1656 Cornacum,
1337 1579 1482 1665 fecitque

358 1693 466 1745 castro
484 1683 698 1746 Curtraconsi
715 1682 756 1745 de
773 1681 907 1745 cibariis
927 1694 959 1744 et
976 1680 1056 1744 viris
1078 1681 1249 1744 bellicosis
1261 1693 1294 1744 et
1315 1679 1481 1744 machinis

358 1782 501 1862 bellicis,
520 1783 684 1870 adipsum
704 1797 819 1848 contra
841 1782 1065 1848 Flandrenses
1085 1783 1347 1859 defendendum,
1370 1779 1481 1870 prori-

358 1885 442 1948 deri.
464 1889 581 1950 Petrus
601 1910 679 1950 vero
694 1887 735 1949 de
753 1887 845 1951 Flota
863 1886 1007 1950 Insulam
1029 1886 1198 1974 proiectus
1214 1898 1276 1962 est,
1292 1888 1409 1972 jurans
1425 1906 1483 1970 per

359 1990 478 2064 Deum,
510 2012 545 2051 se
575 2012 754 2076 numquam
786 1987 960 2052 Franciam
984 1989 1197 2064 intraturum,
1224 2000 1400 2075 antequam
1444 1985 1483 2048 de

358 2090 554 2153 conl'usione
575 2107 607 2154 ct
626 2090 771 2178 dampno
793 2089 969 2154 sibilastis
990 2104 1079 2154 esset
1100 2089 1300 2154 vindicatus.

404 2194 485 2255 Post
500 2191 622 2256 dictam
639 2216 784 2281 pugnam
803 2192 916 2256 mitior
936 2207 970 2258 et
987 2193 1140 2258 blandior
1156 2193 1246 2281 cepit
1262 2191 1378 2256 haberi
1393 2205 1484 2255 trac-

358 2308 446 2358 tatus
467 2293 555 2360 inter
579 2297 737 2360 lacobum
760 2309 792 2359 et
815 2295 1013 2360 Gandenses
1037 2322 1043 2358 z
1069 2294 1158 2359 misit
1178 2297 1265 2359 enim
1288 2293 1483 2360 Gandavum

359 2553 493 2601 Snint-Pol
506 2561 531 2602 et
544 2555 638 2602 mesine
652 2555 753 2602 Pierres
767 2557 838 2605 Flcte
856 2574 887 2604 en
903 2557 995 2604 chiaus
1008 2557 1039 2603 de
1053 2557 1154 2618 Bruges
1167 2572 1216 2619 que
1230 2556 1248 2602 il
1266 2572 1297 2602 ne
1311 2555 1447 2609 deussent,
1462 2560 1486 2600 et
1552 2561 1553 2572 ¹

359 2615 510 2663 souffnirent
522 2633 572 2680 que
584 2618 636 2664 chil
649 2618 681 2666 de
694 2620 717 2665 le
733 2619 784 2666 vile
797 2621 888 2667 fissent
900 2621 924 2666 le
936 2621 1008 2668 weit.
1027 2620 1093 2666 Mais
1111 2619 1205 2665 mesine
1219 2619 1347 2665 Wuutiers
1360 2617 1391 2664 de
1405 2618 1485 2680 Supi-

359 2679 447 2740 gnies,
465 2679 510 2786 plui
530 2680 685 2728 marissiuus
703 2682 789 2735 estoit,
809 2684 835 2728 [ιι
848 2699 880 2729 au
894 2684 957 2730 wuit
969 2699 1049 2729 uvoec
1062 2699 1109 2728 aus
1127 2687 1152 2728 et
1169 2681 1240 2727 avoit
1253 2697 1384 2744 uvoeques
1402 2679 1443 2724 lui
1455 2679 1485 2724 de

358 2741 459 2802 legent

359 2802 435 2850 soleil
448 2804 536 2851 levant
555 2821 571 2851 u
584 2821 683 2868 unques
700 2810 770 2869 pres,
789 2823 838 2869 quc
856 2807 874 2854 li
889 2808 955 2854 wuis
971 2808 1024 2854 s'eu
1044 2809 1085 2854 ula
1098 2806 1212 2854 ccukier.
1233 2806 1265 2852 Et
1283 2805 1364 2852 aderit
1382 2803 1488 2850 vinrent

359 2865 461 2912 Piert·es
474 2866 491 2912 li
510 2867 578 2928 Rcys
593 2874 618 2914 et
635 2869 708 2915 chiex
722 2869 830 2916 kemuns
848 2875 873 2915 et
892 2869 995 2916 vinrent
1008 2869 1104 2916 assulir
1119 2885 1166 2916 nos
1179 2884 1243 2930 gens
1257 2873 1282 2914 et
1299 2866 1488 2928 monseigneur

359 2928 486 2975 Jokemon
501 2944 516 2974 ιι
529 2929 599 2976 leurs
612 2937 710 2986 osteus,
725 2931 780 2978 ensi
802 2932 865 3003 qu'il
879 2947 906 2978 se
923 2931 1036 2994 gisolent
1049 2949 1079 2978 en
1099 2931 1157 2977 leur
1168 2931 1211 2983 lis.
1231 2936 1287 2976 tout
1301 2945 1350 2992 pur
1363 2934 1421 2975 tout
1436 2945 1452 2975 u
1467 2927 1486 2974 il

360 2991 397 3036 les
411 2990 543 3038 cuidoient
556 2999 662 3040 trouver
679 2999 703 3040 et
716 3009 746 3040 en
760 2993 878 3040 ccbrsent
891 3001 915 3040 et
933 2993 1033 3056 pnlsent
1050 3009 1185 3056 qunnques
1200 2992 1218 3038 il
1234 2999 1336 3054 ponent.
1350 2992 1382 3038 Et
1396 3006 1485 3037 meas-

360 3058 473 3099 mement
485 3053 542 3099 leur
552 3061 607 3100 oste
622 3072 638 3101 ιι
651 3055 669 3101 il
682 3055 793 3102 estcient
805 3055 957 3117 herbengic,
976 3058 1013 3103 les
1031 3055 1172 3102 aidoientu
1188 3061 1254 3101 tnutr
1269 3061 1294 3100 et
1311 3061 1381 3100 toute
1394 3053 1420 3098 le
1434 3053 1486 3098 viln

360 3115 439 3162 estoit
450 3131 481 3162 en
495 3116 552 3162 leur
571 3117 723 3172 nuisanche,
742 3126 766 3164 et
785 3119 823 3164 lcs
842 3119 949 3164 iemmes
967 3118 1088 3165 meismes
1106 3117 1222 3180 getoient
1235 3117 1280 3162 des
1297 3117 1397 3168 soliers.
1418 3115 1486 3161 huns

360 3183 386 3222 et
398 3179 464 3223 seles
475 3183 500 3224 et
514 3177 622 3226 hestuus
635 3196 757 3241 pouruus
774 3196 891 3242 ugrevcr.
908 3182 939 3227 Et
954 3180 1034 3226 adont
1049 3182 1101 3226 s'en
1122 3181 1189 3242 parti
1208 3179 1300 3226 mesine
1319 3179 1397 3226 tates
1419 3193 1486 3238 pour

360 3255 426 3301 peur
436 3240 467 3286 de
481 3248 549 3287 mort
567 3249 592 3288 et
608 3242 626 3288 li
642 3247 736 3288 tuo-cn
753 3241 779 3303 j.
791 3243 892 3294 cheval,
907 3250 932 3289 ct
945 3242 970 3288 la
985 3243 1097 3290 lucebis
1112 3243 1205 3289 mesine
1218 3242 1345 3288 Wautiers
1360 3240 1390 3286 de
1404 3238 1486 3301 Sapi-

361 3301 445 3363 gnies,
461 3304 631 3352 maressiaus.
645 3305 662 3350 li
681 3305 794 3366 Maigres
815 3305 845 3350 de
865 3306 888 3352 le
906 3305 1028 3359 Vicsvile.
1043 3304 1137 3352 mesine
1154 3304 1256 3350 Muhiex
1270 3303 1446 3350 d'Estcunmel
1462 3311 1486 3347 et

360 3364 567 3425 pluiseurautre
585 3367 716 3413 chevalier
729 3374 754 3413 et
769 3367 878 3414 escuicr.
895 3368 926 3413 Et
943 3367 973 3412 de
994 3384 1040 3413 nos
1061 3383 1125 3429 gens
1142 3365 1186 3428 qui
1207 3367 1232 3413 lo
1253 3383 1280 3412 se
1298 3367 1450 3412 temnerent
1472 3380 1485 3410 s

360 3426 488 3488 delitiose,
506 3443 538 3473 cn
552 3428 605 3474 dist
617 3445 666 3490 que
681 3430 789 3476 mesirns
802 3430 909 3482 Jehans.
924 3429 1064 3476 rasteluins
1078 3429 1110 3477 tle
1124 3430 1198 3486 Lens,
1216 3435 1242 3475 et
1260 3429 1277 3474 li
1296 3426 1440 3474 nostnlnins
1455 3427 1486 3471 de

361 3489 426 3535 Lille
445 3497 470 3536 et
483 3490 577 3536 mesine·
590 3491 691 3537 Pierres
709 3492 740 3538 de
758 3492 867 3553 Foulloy
882 3498 907 3538 et
923 3492 980 3538 lcur
995 3499 1057 3553 gent
1074 3492 1197 3538 l'ascient
1212 3497 1284 3537 mout
1301 3490 1360 3536 bien
1377 3489 1434 3535 tait.
1455 3490 1487 3534 Et

362 3552 455 3598 mesine
468 3552 569 3599 Pierres
582 3552 617 3598 du
630 3553 726 3607 Brucc‚
742 3555 838 3600 ballius
852 3554 883 3599 de
896 3554 1007 3615 Bruges,
1019 3555 1094 3600 eutle
1105 3570 1155 3600 non
1184 3553 1227 3600 u'il
1241 3553 1264 3598 lc
1278 3553 1321 3598 fist
1332 3552 1402 3599 bien.
1416 3553 1448 3598 m
1462 3553 1486 3596 la

360 3613 378 3660 il
391 3621 434 3660 eut
449 3615 509 3661 bien
527 3614 609 3676 .xliiij.
622 3615 769 3663 chevaliers
782 3617 839 3678 pris
853 3623 877 3663 ct
892 3617 1023 3678 pluiscurs
1037 3570 1196 3663 conulensis
1210 3623 1269 3662 tous
1282 3615 1340 3678 pois
1353 3619 1378 3660 et
1388 3613 1439 3660 mis
1454 3629 1485 3659 en

360 3675 493 3739 pluiteuns
506 3675 582 3724 licus.
597 3677 628 3723 Et
640 3679 665 3724 [ιι
679 3677 728 3724 mis
742 3694 771 3724 en
784 3677 875 3740 prison
890 3679 983 3726 mesina
996 3679 1112 3730 ¹timens.
1127 3693 1141 3725 a
1155 3679 1179 3724 ln
1193 3678 1293 3724 maison
1308 3677 1367 3723 d'un
1380 3675 1484 3738 triplos,

361 3745 386 3786 ct
399 3737 479 3786 discit
491 3740 554 3802 qu'il
569 3741 640 3786 accit
654 3756 668 3786 u
680 3755 730 3786 non
743 3739 841 3787 lehuno
856 3739 970 3796 Anninus,
984 3747 1009 3788 et
1022 3743 1046 3788 la
1059 3742 1077 3788 il
1091 3743 1142 3788 finn
1156 3755 1223 3803 pour
1235 3753 1300 3786 ‚xxm
1314 3740 1351 3787 lb·
1366 3737 1397 3784 de
1410 3751 1486 3784 runn-

361 3799 437 3849 chon.
451 3803 483 3849 Et
496 3802 618 3848 maistres
632 3801 753 3850 Girffrcis
767 3802 801 3850 du
815 3805 875 3860 Bos,
895 3805 1061 3851 necbeverres
1077 3804 1108 3850 de
1126 3802 1260 3858 Flundres,
1276 3805 1302 3848 [ιι
1320 3801 1375 3864 pris
1392 3797 1410 3846 li
1423 3801 1486 3846 dou·

361 3864 427 3911 alme
437 3863 468 3910 da
481 3865 584 3926 gentica
596 3865 713 3911 hommes
727 3865 851 3922 saeuiens,
864 3872 889 3913 et
903 3868 928 3913 [ιι
942 3881 1021 3913 arceo
1032 3867 1067 3913 lui
1081 3865 1169 3912 Moles
1178 3865 1209 3911 de
1224 3866 1246 3912 lc
1260 3863 1407 3926 Brctaigne.
1420 3869 1445 3908 et
1459 3865 1485 3908 [ιι

362 3925 450 3973 manhu
462 3933 521 3973 tous
532 3940 592 3973 scus
606 3941 638 3974 au
655 3928 727 3982 Dent,
742 3941 772 3974 en
786 3928 882 3981 bnuies.
900 3945 960 3976 sons
974 3943 1000 3976 se
1013 3926 1188 3990 campaignie.
1202 3925 1246 3981 La,
1261 3943 1275 3974 a
1288 3927 1360 3973 chale
1374 3931 1484 3978 truteno,

362 4003 379 4062 p
391 3989 503 4036 euthico
517 4001 588 4036 ,ιἰκῐ.
608 4003 751 4052 pertenues
765 3995 871 4046 montes,
892 4005 942 4053 que
961 4005 975 4038 n
993 3991 1085 4038 cheral
1097 4003 1146 4052 que
1160 4005 1174 4035 u
1187 3988 1256 4051 pind.
1272 3993 1355 4051 Aprts
1367 3985 1443 4043 chcu,
1461 3987 1485 4032 le

360 4054 469 4114 joonnes
482 4049 597 4106 meisme.
606 4065 632 4098 re
645 4053 722 4099 tnuist
735 4052 844 4098 mesinae
857 4053 944 4108 Joken.
957 4060 982 4100 et
995 4054 1048 4100 chit
1060 4051 1104 4115 qui
1115 4057 1208 4114 ponent
1219 4065 1329 4114 escaper
1339 4051 1370 4097 de
1383 4048 1485 4109 Bruges

362 4114 466 4160 vinrent
478 4131 493 4161 a
506 4115 635 4176 Ccurtray
648 4121 673 4162 et
683 4111 708 4160 lu
718 4113 800 4161 laissa
811 4116 919 4162 niesirss
932 4115 1010 4162 lakes
1021 4117 1045 4162 le
1056 4114 1196 4161 cnstolains
1205 4112 1236 4160 de
1247 4115 1311 4160 Lens
1323 4129 1337 4160 a
1351 4112 1446 4174 gurder
1460 4110 1483 4157 le

361 4177 444 4223 castel
456 4183 481 4223 at
494 4173 511 4222 li
522 4175 635 4248 promist
645 4189 751 4223 soccum
765 4193 780 4222 a
793 4175 869 4234 iatra;
884 4184 909 4224 et
921 4177 938 4224 n
952 4177 1093 4224 costelutns
1103 4181 1127 4222 et
1142 4189 1168 4222 ae
1178 4182 1243 4283 gent
1258 4179 1392 4222 entrenent
1406 4188 1451 4220 ens
1468 4189 1482 4219 u

363 4237 454 4296 castel,
470 4237 518 4285 ¹nl
531 4245 548 4286 ·.
558 4239 619 4301 jour
631 4253 662 4286 sn
676 4251 744 4301 may,
759 4237 809 4286 [ιιι
826 4237 857 4286 dc
872 4236 1054 4286 l'lucsrnotion
1067 4237 1175 4285 Ncstne·
1197 4238 1306 4300 signem·
1319 4239 1364 4284 mil
1382 4235 1438 4296 ·lll‘·
1457 4239 1482 4282 et

365 4301 400 4364 .tj.
414 4313 493 4348 aur.»
532 4315 553 4348 ι.
564 4299 630 4348 dala
642 4297 823 4364 Bibliothtque
836 4302 867 4348 de
877 4299 1035 4364 nourgogne
1047 4299 1205 4348 uBnuxellc·
1218 4301 1355 4358 14,58[-6[ι,
1369 4299 1385 4345 [.
1397 4299 1482 4346 198n·.

490 2742 593 2790 'Anteia
606 2743 674 2790 Dont
688 2743 705 2790 il
720 2744 792 2791 uvint
806 2762 856 2807 que
873 2745 896 2792 le
907 2745 1012 2791 vennedi
1027 2747 1104 2806 uprcs
1123 2744 1237 2805 mi·1nay
1250 2742 1329 2804 (1302,
1344 2744 1372 2788 [8
1383 2743 1458 2800 mni),
1473 2757 1486 2786 a
