3154 5190
120 444 182 494 1304
500 439 649 488 inustus
666 439 860 490 Gluunuscs
1208 441 1239 486 69

121 584 215 628 cessu
243 559 404 648 temporis
432 556 623 650 propalato,
654 580 766 622 eorum
791 555 891 624 eorda
918 557 1033 622 dolore
1056 569 1089 622 et
1117 581 1237 648 pavore

120 663 368 753 frangerentur,

164 767 287 832 Tribus
305 765 408 855 igitur
430 763 550 833 diebus
570 764 735 831 dictarum
751 777 943 854 treugarum
959 762 1075 830 habito
1092 763 1133 830 de
1156 787 1238 854 pace

119 881 275 949 tractatu,
297 867 332 934 in
348 866 488 934 emenda
514 892 531 932 a
553 867 818 935 Flandrensibus
846 867 917 957 regi
942 865 1091 933 facienda
1125 879 1238 956 partes

118 970 211 1038 nullo
226 970 325 1038 modo
340 983 496 1060 poterant
510 969 717 1049 concordari,
737 993 869 1036 rumore
880 969 1057 1036 infortunii
1073 967 1238 1034 Gnidonis

118 1073 274 1140 omnibus
294 1073 559 1140 Flandrensibus
586 1071 831 1138 innotescente.
864 1071 960 1139 Unde
990 1096 1049 1138 rex
1075 1095 1150 1138 eum
1178 1095 1239 1137 sun

118 1176 265 1246 exercitu
292 1176 374 1243 seria
394 1177 540 1242 secunda
566 1188 726 1264 sequente
739 1174 761 1257 ¹,
788 1174 823 1240 in
852 1199 965 1256 mane,
991 1199 1106 1241 versus
1127 1187 1238 1240 crtum

117 1279 199 1346 solis
219 1305 237 1346 a
257 1292 369 1345 monte
389 1277 577 1344 Pavellensi
591 1317 634 1328 —
652 1277 710 1367 qui
730 1302 827 1344 mons
843 1279 979 1344 circiter
998 1277 1147 1367 quinque
1166 1277 1236 1344 mil·

116 1382 256 1449 liaribus
277 1405 295 1446 a
317 1381 450 1447 civitate
473 1381 680 1448 Tornacensi
706 1380 809 1448 distat
837 1420 882 1462 -,
906 1394 938 1446 et
964 1379 1040 1446 villa
1061 1381 1236 1448 Insulense

115 1509 231 1552 versus
251 1488 401 1551 Duacum
421 1483 472 1550 ad'
484 1483 584 1549 alium
603 1484 714 1550 locum
740 1509 795 1563 se,
819 1497 856 1548 ut
878 1483 933 1574 qui
951 1484 1076 1549 bellum
1092 1484 1239 1552 libenter

117 1586 317 1666 distulisset,
344 1585 532 1666 transtulit;
560 1585 619 1652 sed
645 1587 883 1666 Flandrenses‚
914 1610 1047 1664 rumore
1083 1587 1238 1676 predicto

117 1714 185 1756 non
203 1687 357 1756 concussi
373 1714 434 1779 pro
453 1689 571 1776 majori
590 1702 702 1778 parte,
726 1689 786 1756 sed
805 1687 910 1780 magis
931 1688 1140 1770 exacerbati,
1164 1714 1237 1757 ere-

115 1793 237 1858 dentes
270 1816 305 1858 se
332 1793 489 1858 damnum
519 1791 684 1860 Guidonis
712 1806 746 1858 et
769 1804 944 1880 sperantes
969 1815 987 1856 a
1014 1815 1093 1883 rege
1122 1806 1155 1858 et
1177 1817 1237 1860 suo

116 1897 264 1961 exercitu
280 1908 548 1985 recuperaturos,
569 1895 679 1984 ipsum
695 1893 839 1960 insecuti
859 1894 976 1960 ecdem
996 1894 1050 1960 die
1070 1895 1104 1962 in
1125 1891 1238 1964 monte

116 1997 270 2087 predicto
291 2011 325 2063 et
345 1999 432 2064 circa
455 1997 564 2088 ipsum
583 2022 657 2062 cum
673 2010 743 2063 toto
759 1997 905 2064 exercitu
922 2021 982 2064 suo
998 1999 1234 2080 consederunt,

116 2114 302 2168 statuentes
325 2124 440 2167 omnes
476 2100 636 2168 concordi
667 2099 809 2166 consilio
838 2101 873 2168 in
906 2102 1052 2168 crastino
1080 2101 1237 2168 invadere

116 2228 250 2294 regem3
271 2227 336 2269 non
357 2201 446 2270 enim
469 2218 563 2272 erant
585 2204 626 2269 ab
644 2227 683 2270 eo
706 2203 849 2293 separati
875 2204 940 2270 nisi
964 2229 1025 2295 per
1044 2203 1237 2272 distantiam

116 2305 217 2374 unius
235 2306 359 2372 modici
379 2305 567 2372 milliaris2.

160 2411 276 2498 ltaque
308 2409 388 2474 feria
419 2410 517 2476 tertia
540 2410 735 2499 sequentess,
761 2434 825 2498 que
855 2421 926 2478 erat
952 2411 1096 2476 crastina
1122 2421 1235 2478 octavo

114 2511 303 2591 Laurentii,
336 2511 510 2579 audientes
535 2512 669 2578 missam
707 2525 740 2578 et
773 2537 890 2602 parum
925 2525 1110 2604 gustantes,
1148 2513 1236 2583 circa

114 2617 232 2682 horam
246 2616 380 2683 tertiam
398 2640 513 2682 omnes
529 2641 564 2682 se
584 2629 806 2695 armaverunt,
826 2617 1035 2706 dejectisque
1055 2617 1096 2682 ad
1114 2631 1236 2684 terram

114 2717 271 2784 omnibns
300 2717 455 2786 tentoriis
483 2718 551 2785 suis
577 2732 609 2785 et
631 2718 878 2808 papilionibus,
908 2743 951 2785 ne
979 2720 1100 2809 aliquis
1129 2719 1163 2785 in
1187 2721 1236 2786 eis

114 2819 251 2886 latitans
275 2835 480 2902 remaneret,
508 2835 540 2886 et
565 2821 690 2888 relictis
711 2823 823 2910 equis,
851 2845 966 2888 omnes
990 2823 1095 2912 pedes
1121 2847 1235 2890 versus

115 2925 466 3014 regemetexercitum
482 2949 589 3004 suum,
608 2923 889 2990 circitercentum
905 2923 1008 2989 millia
1019 2939 1234 3006 armatorum,

115 3025 260 3114 prpfecti
286 3040 383 3106 sunt;
409 3051 475 3093 non
513 3025 601 3092 enim
624 3027 778 3117 vulgares
811 3026 851 3092 de
882 3027 1038 3094 omnibus
1064 3027 1234 3097 nobilibus

115 3128 184 3194 suis
206 3140 239 3193 et
257 3129 428 3218 equitibus
448 3129 673 3196 confidebant.
694 3131 859 3195 Fecerunt
882 3141 992 3195 autem
1016 3154 1130 3196 omnes
1146 3131 1234 3197 auri·

114 3255 172 3319 gas
190 3255 269 3296 suos
285 3255 359 3298 cum
375 3231 530 3298 omnibus
546 3233 699 3300 curribus
716 3257 808 3300 suam
822 3232 941 3313 aciem,
958 3257 1022 3322 que
1037 3233 1234 3324 longissima

115 3345 184 3398 erat
208 3347 242 3398 et
265 3333 385 3422 spissa,
417 3337 525 3424 sequi.
554 3338 658 3402 Erant
678 3348 787 3401 autem
815 3336 848 3402 in
881 3335 998 3402 dextro
1022 3336 1126 3404 latere
1150 3337 1233 3403 aciei

114 3437 305 3526 Brugenses
325 3461 399 3503 cum
418 3437 483 3503 illis
504 3437 544 3502 de
560 3439 731 3504 territorio
744 3437 837 3520 sunl,
858 3438 1055 3506 Gandenses
1072 3463 1147 3505 cnm
1163 3442 1232 3508 suis

144 3686 166 3734 l.
185 3686 220 3735 Le
230 3686 259 3732 17
268 3688 331 3733 norit
342 3685 412 3734 1304.

143 3749 166 3796 2.
186 3766 198 3795 c
211 3747 231 3794 li
245 3748 397 3798 Flameno...
417 3747 521 3797 vinrent
541 3756 622 3797 avant
636 3755 661 3798 et
680 3767 708 3798 se
725 3749 821 3798 mirent
839 3767 855 3799 a
871 3751 956 3814 logier
972 3768 1003 3800 en
1021 3768 1071 3800 une
1092 3752 1232 3800 moutbele

114 3809 205 3872 pirche
216 3809 246 3856 de
257 3817 311 3858 tere
319 3811 429 3860 descura
438 3812 662 3871 Mons-en-Pevre,
674 3813 697 3860 si
723 3813 769 3861 u’il
781 3814 887 3862 convint
899 3815 977 3878 quali
988 3815 1055 3877 Roys
1066 3814 1231 3872 demourast;

114 3873 158 3920 c‘er
170 3873 189 3920 il
200 3871 311 3921 estoient
324 3874 345 3922 si
359 3875 420 3937 pres
433 3891 500 3922 venu
513 3874 577 3937 qu'il
593 3881 652 3923 eust
664 3830 737 3924 sanie
749 3892 798 3940 que
808 3875 828 3923 li
846 3877 914 3939 Roys
928 3877 980 3924 s'en
995 3878 1048 3924 lust
1066 3876 1127 3933 luis,
1143 3876 1183 3924 s’il
1200 3894 1232 3926 ne

114 3935 381 4046 {psg6pe6derfngp’res
403 3953 415 3984 n
442 3935 586 4002 Chronique
607 3937 758 3996 arteaienne,
779 3936 846 3988 Bibl.
872 3955 928 4002 roy.
955 3940 986 3986 de
1011 3939 1155 3998 Bruxellcs,
1182 3956 1232 3988 ms.

146 4034 152 4046 .
203 4023 215 4035 ·
235 4013 255 4056 s,
283 4034 288 4046 .
332 4003 392 4046 5v⁰.

144 4061 167 4108 3.
186 4060 280 4117 Mardi,
294 4060 324 4108 18
338 4064 401 4108 aodt
417 4061 485 4109 1304.

143 4123 166 4171 li.
185 4122 357 4172 Ceut-adire
369 4139 432 4171 avec
444 4124 483 4171 les
494 4123 595 4171 miliens
609 4125 724 4173 lournies
737 4142 787 4192 par
799 4125 823 4173 le
834 4125 931 4184 Franc,
944 4125 1064 4174 banlieue
1075 4125 1107 4174 de
1119 4123 1230 4190 Bruges,

114 4189 139 4230 et
168 4200 198 4231 ar
210 4185 248 4232 les
262 4185 336 4233 villes
350 4185 413 4234 dont
425 4186 526 4250 Bruges
537 4185 600 4234 erait
612 4185 672 4235 chel
682 4188 713 4236 de
727 4204 795 4246 sens,
813 4204 846 4235 su
859 4187 968 4236 nombre
981 4188 1011 4235 de
1025 4190 1068 4245 24;
1084 4189 1122 4237 les
1135 4187 1233 4252 princi-

113 4201 187 4358 pii?
199 4247 296 4358 etpient
307 4249 425 4309 Damme,
435 4249 617 4316 Ardenbourg,
631 4250 752 4308 l’Ecluse,
767 4249 888 4312 Ostende,
902 4250 1067 4316 Dunlrerque‚
1079 4251 1232 4300 Gravelines

115 4324 128 4358 e
174 4325 222 4358 our
242 4325 317 4376 ourg.
