3178 5192
123 457 184 506 1³02
507 449 656 501 ANNALES
674 449 868 500 GANDENSLS
1216 447 1244 496 21

123 574 187 653 bit,
202 597 242 638 ex
257 572 372 638 altera.
390 573 472 637 Nam
488 569 577 634 eirca
587 566 792 657 principium
805 564 896 644 Maii,
911 566 1148 631 communitate
1163 567 1244 630 Bru·

120 675 217 766 gensi
231 688 264 740 et
278 671 449 741 Gandensi
466 671 513 736 sio
529 669 717 747 commotis,
740 681 773 732 et
793 669 917 734 Jacobo
933 669 975 734 de
996 667 1244 733 Sancto-Paulo

120 778 256 866 utrique
273 776 446 842 interitum
467 787 500 839 et
518 772 621 838 totale
639 770 805 837 excidium
823 771 1065 849 comminante,
1084 771 1244 836 valentis-

122 880 226 944 simus
242 892 275 944 et
293 877 426 943 maximi
447 875 558 942 cordis
570 875 702 963 juvenis
722 873 924 943 Wilhelmus
941 872 1154 952 Juliacensis,
1176 873 1244 938 cle-

120 982 223 1060 ricae,
240 982 433 1071 prepositus
450 978 688 1066 Trajectensis,
705 977 746 1041 de
760 975 901 1042 consilio
914 977 1150 1043 avunculorum
1167 1002 1244 1041 suo-

121 1109 194 1149 rum
211 1085 372 1152 Johannis
390 1095 424 1148 et
446 1079 630 1160 GnidoniS,
654 1081 744 1144 venit
760 1082 906 1169 Burgus,
925 1092 958 1144 et
979 1091 1135 1167 receptus
1156 1093 1207 1144 est
1227 1105 1244 1146 a

120 1186 197 1251 villa
218 1186 386 1278 Brugensi
410 1198 445 1250 et
464 1183 622 1249 Damensi
644 1194 677 1248 et
696 1182 972 1271 Ardenburgensi
996 1181 1070 1246 loco
1099 1183 1148 1246 avi
1173 1182 1241 1259 sui,

121 1301 326 1377 acceptaque
342 1312 360 1352 a
378 1287 614 1353 communitate
636 1282 858 1375 Brugensium
882 1284 1075 1362 societatet,
1092 1284 1245 1349 incendit

120 1390 329 1456 mansionem
356 1388 485 1455 domini
510 1389 551 1453 de
578 1387 747 1452 Ziesselet
773 1385 905 1464 militis,
931 1387 987 1475 qui
1015 1386 1243 1451 inlavorabilis

119 1493 229 1557 fuerat
259 1517 318 1558 avo
347 1517 424 1570 suo,
456 1505 490 1556 et
519 1491 598 1556 lecit
632 1488 821 1581 oppugnari
861 1488 1066 1554 mansionem
1093 1489 1242 1578 pulcram

119 1596 290 1682 quondam
311 1594 361 1660 avi
375 1595 438 1674 sui,
461 1618 525 1682 qne
545 1606 681 1658 vocatur
699 1591 798 1670 Mala,
818 1603 851 1656 et
871 1615 935 1680 que
956 1592 1018 1656 luit
1032 1591 1242 1680 aliquatenus

120 1696 265 1776 munita,
291 1695 326 1760 in
356 1720 421 1784 qua
449 1707 544 1760 erant
565 1694 717 1759 homines
743 1693 867 1783 regist.
903 1697 1008 1776 Quam
1038 1695 1242 1758 mansionem

119 1799 341 1864 communitas
358 1797 543 1888 Brugensis
558 1821 631 1862 eum
651 1795 753 1860 multo
770 1796 883 1861 labore
902 1808 936 1860 et
949 1795 1142 1861 vulneribus
1159 1795 1242 1860 obti-

119 1899 205 1979 nuit,
230 1899 417 1965 interlectis
440 1899 608 1977 omnibus,
631 1922 713 1985 quos
734 1897 767 1961 in
787 1922 824 1962 ea
841 1898 979 1963 invenit.
1004 1898 1097 1964 lstud
1117 1897 1242 1962 intelli-

117 2016 238 2092 gentes
260 2001 363 2091 aliqui
384 2002 425 2066 de
446 2003 683 2068 communitate
704 2001 892 2080 Gandensi,
914 2000 1110 2068 favorabiles
1127 2001 1241 2066 comiti

119 2118 150 2170 et
170 2104 260 2195 proli
277 2130 348 2185 sue,
370 2117 534 2170 venerunt
545 2106 674 2194 Bruges
690 2129 750 2193 pro
765 2104 914 2168 facienda
929 2104 1143 2193 colligatione
1154 2102 1242 2169 inter

121 2207 394 2273 communitatem
418 2210 625 2298 Brugensem
651 2221 684 2272 et
712 2207 926 2272 Gandeusem
951 2206 992 2272 ad
1017 2207 1240 2272 resistendum

120 2309 211 2399 regie
238 2311 409 2399 potestati.
434 2310 485 2375 Ad
510 2334 607 2397 quam
638 2309 886 2399 colligationem
908 2311 1098 2400 Brugenses
1120 2309 1241 2375 multos

117 2413 324 2478 voluntarios
345 2414 556 2478 invenerunt.
586 2413 653 2478 Sed
677 2413 800 2477 reversi
823 2413 1015 2478 Gandavum
1037 2412 1117 2477 dicti
1142 2412 1241 2478 amici

117 2515 250 2580 comitis
268 2515 365 2580 aliter
383 2513 579 2604 dispositam
596 2515 866 2580 communitatem
888 2527 1122 2603 reppererunt,
1143 2540 1240 2603 quam

117 2618 348 2696 crediderant,
376 2618 453 2706 quia
476 2617 618 2682 consilio
644 2630 677 2682 et
697 2618 914 2707 persuasione
931 2617 1116 2705 aliquorum
1135 2620 1240 2706 majo-

117 2744 188 2784 rum
201 2721 244 2784 de
257 2720 346 2798 villa,
364 2720 635 2808 quivocabantur
646 2720 783 2785 Liliardi
798 2719 930 2808 tiquia
945 2744 1002 2784 rex
1014 2720 1049 2784 iu
1065 2733 1160 2786 scuto
1177 2721 1241 2786 lert

118 2823 218 2886 multa
238 2823 333 2909 lilia),
365 2836 398 2888 et
418 2823 517 2888 etiam
539 2822 725 2911 aliquorum
742 2822 901 2888 ditiorum
923 2823 964 2888 de
983 2822 1236 2900 communitate,

117 2924 172 3013 qui
205 2925 431 2990 formidabant
457 2925 642 3014 potentiam
670 2924 759 3015 regis
792 2938 825 2990 et
860 2924 1074 2990 amissionem
1106 2948 1238 2990 suarum

147 3133 169 3180 ’1.
189 3134 224 3182 Le
236 3139 304 3181 texte
317 3141 356 3181 est
368 3151 509 3198 corrompu
517 3151 548 3182 en
561 3134 721 3182 cetendroit.
732 3135 766 3184 Le
776 3151 824 3182 ms.
834 3134 865 3182 de
873 3135 948 3183 Gand
955 3141 1046 3198 porte:
1060 3151 1071 3182 a
1081 3141 1239 3199 acceptaque

118 3211 132 3241 a
144 3195 331 3244 communitate
344 3197 474 3260 Brugensi
486 3197 512 3244 in
527 3198 650 3245 societate
663 3215 689 3254 υς
703 3197 763 3244 l'ed.
777 3197 808 3244 de
821 3198 975 3261 llambourg
988 3213 994 3244 ε
1009 3214 1021 3244 c
1035 3214 1095 3244 acce
1116 3203 1194 3261 taque
1207 3198 1238 3246 de

118 3257 222 3306 civitate
243 3259 372 3322 Brugensi
390 3259 415 3307 in
438 3259 561 3308 societate
575 3275 602 3314 n:
616 3261 652 3308 De
672 3261 744 3306 Smet
762 3260 899 3324 reprodnit
915 3261 939 3308 le
955 3266 1023 3308 texte
1035 3261 1067 3308 de
1109 3261 1239 3324 nmbourg

118 3319 252 3383 deponrvu
270 3321 390 3378 deseos:
422 3323 597 3387 Lappenberg
613 3321 736 3386 imprime
755 3339 760 3370 :
782 3339 793 3368 a
814 3328 990 3386 acceptusque
1015 3339 1030 3370 a
1052 3323 1238 3372 communitate

118 3381 245 3446 Brugensi
259 3383 285 3431 in
299 3384 423 3431 societate
434 3400 456 3440 ));
470 3385 496 3431 la
509 3385 614 3436 version
627 3385 755 3432 ci-dessus
769 3401 834 3432 nous
847 3389 934 3448 paruit
944 3385 1101 3448 preferable.

147 3447 170 3493 'L
187 3447 253 3493 leon
267 3447 298 3493 de
310 3447 439 3496 Ziesseele
451 3447 523 3502 eteit.
538 3464 600 3495 avec
612 3449 677 3495 leun
690 3448 721 3494 de
734 3446 888 3504 Ghistelles,
902 3448 933 3496 de
946 3447 991 3510 qui
1003 3447 1022 3495 il
1035 3464 1049 3494 a
1065 3451 1104 3496 ete
1117 3447 1237 3512 question

117 3507 257 3562 ci·dessus,
269 3509 322 3555 l'un
336 3509 381 3556 des
395 3509 467 3556 chels
481 3509 514 3556 du
526 3510 649 3572 patriciat
662 3510 795 3572 brugeois.
808 3511 842 3558 Le
855 3510 949 3573 peuple
962 3511 986 3557 le
1000 3510 1122 3557 detestoit
1134 3517 1237 3557 surtout

117 3572 130 3614 ri
143 3585 220 3618 cause
231 3571 403 3620 del'exercice
416 3571 461 3620 des
470 3571 552 3620 droit<
566 3571 597 3620 de
610 3574 704 3620 l'olfice
718 3573 749 3620 de
761 3572 888 3619 Ziesseele
899 3578 1016 3620 attenuat
1028 3589 1078 3620 aux
1091 3573 1236 3620 territoires

120 3648 301 3680 communaux.

147 3696 169 3741 3.
188 3695 260 3742 Voiei
277 3712 308 3743 en
331 3696 405 3758 qnels
426 3703 522 3743 termes
544 3697 659 3744 Velthem
681 3699 754 3760 pnrle
771 3697 802 3742 de
816 3697 964 3744 l'ontrecen
978 3699 1053 3744 scene
1067 3696 1190 3747 deGuill.
1205 3698 1237 3745 de

118 3755 213 3804 Julicrs
228 3773 233 3805 :
248 3775 260 3804 a
276 3759 310 3806 Le
323 3759 417 3821 peuple
430 3765 528 3806 connnt
540 3759 687 3808 Guillaume
704 3760 735 3807 de
753 3759 850 3806 Juliers
864 3761 941 3822 apr'es
953 3761 979 3806 la
990 3759 1061 3822 prise
1073 3761 1105 3807 de
1120 3761 1234 3808 Damme.

118 3818 207 3866 (Peraia
219 3835 312 3867 encore
325 3837 359 3866 un
377 3827 433 3868 tout
450 3821 527 3883 jeune
546 3822 659 3871 homme.
678 3822 717 3870 On
737 3821 871 3884 regorduit
887 3838 987 3868 comme
1005 3839 1038 3869 un
1053 3823 1160 3869 mir-acle
1173 3823 1235 3886 qu'il

121 3879 280 3930 tarvennae
294 3882 483 3946 l’Orientpour
501 3885 610 3932 aiderle
623 3885 719 3948 peuple
736 3885 801 3932 dans
817 3885 842 3930 la
859 3885 923 3934 lutte
938 3890 1026 3932 contre
1047 3885 1073 3932 la
1090 3886 1196 3932 France.
1215 3886 1235 3932 11

119 3957 230 4001 vergere
243 3961 290 3991 son
307 3947 374 3992 lr'ere
386 3945 418 3992 de
430 3947 492 3994 telle
511 3949 584 4006 lacon
602 3948 680 4009 qu'on
696 3965 726 3994 en
741 3947 846 4008 parlera
859 3948 1061 3994 e'ternellement.
1076 3949 1098 3996 ll
1111 3948 1200 3996 devint
1211 3949 1235 3994 lo

119 4004 176 4113 ellici
193 4006 227 4052 dn
240 4008 345 4072 peuple.
359 4024 371 4054 n
386 4006 486 4074 Spiegel
499 4008 648 4066 historiocl,
663 4011 708 4059 liv.
722 4011 764 4068 lv,
778 4009 853 4072 chop.
869 4011 883 4056 9
898 4015 923 4056 et
933 4011 971 4066 lo,
985 4025 1011 4072 p.
1027 4012 1071 4058 255
1084 4011 1115 4058 de
1128 4010 1186 4058 l'ed.
1201 4011 1235 4058 Le

141 4083 171 4114 on
195 4105 200 4115 .
718 4088 720 4094 ’

147 4083 225 4178 lnglln
239 4131 353 4178 flamnnd
366 4131 487 4179 leliaern.
502 4133 682 4194 L’expression
696 4151 723 4180 se
736 4141 872 4182 rcnoontre
888 4134 933 4181 des
951 4142 1017 4182 cette
1032 4137 1140 4198 epoque.
1155 4136 1234 4184 Leurs

120 4190 281 4240 edversaire·
295 4200 355 4241 sont
368 4195 475 4258 appele's
493 4211 543 4257 par
559 4196 584 4242 le
596 4196 793 4259 contemporain
812 4197 928 4244 Velthem
944 4197 1064 4245 liehaerte
1077 4199 1103 4260 (a
1113 4198 1208 4247 lihaert
1221 4215 1233 4244 n

120 4251 243 4314 signifiuit
255 4273 268 4300 a
280 4255 334 4302 lion
347 4255 369 4319 n)
382 4259 486 4304 deense
499 4257 533 4304 du
546 4257 599 4304 lion
611 4258 678 4305 dans
691 4260 728 4306 les
742 4274 828 4306 armes
841 4259 873 4306 de
886 4259 1007 4308 Flandre.
1019 4261 1116 4323 Depuis
1127 4277 1159 4308 on
1173 4277 1188 4307 a
1197 4261 1235 4308 dit

120 4314 279 4374 clncwaerta,
291 4318 322 4365 de
335 4318 460 4374 cloniaca,
475 4319 574 4383 griffes.
