3154 5190
128 456 190 504 1308
509 456 658 504 innatus
676 455 870 505 Gannnnsus
1217 457 1248 502 93

128 571 235 659 ipsius
256 571 445 659 presentia,
473 571 505 635 in
533 597 595 660 qna
619 571 762 660 pinrime
788 571 986 635 servilitates
1007 585 1040 636 et
1058 573 1249 660 gravamina

129 673 212 762 ipsis
238 673 532 738 communitatibus
558 675 822 765 injungebantur
849 687 882 738 et
903 675 1001 738 etiam
1022 672 1086 760 ipsi
1114 673 1247 751 comiti,

127 800 194 864 qne
219 776 317 841 etiam
344 775 454 841 littera
480 801 640 842 summam
664 776 754 866 regis
781 776 823 840 de
852 777 956 850 forma
978 775 1070 864 pacis
1097 777 1249 840 contine·

126 879 196 942 bat.
215 883 251 944 ln
271 903 368 966 quam
390 881 592 943 sententiam
618 879 694 968 quia
720 879 801 942 dicti
820 891 1053 966 procuratores
1070 879 1250 942 noluerunt

127 980 321 1044 consentire
349 1005 410 1044 nec
443 981 576 1044 fucrant
610 981 698 1058 ausi,
728 993 805 1068 post
831 980 966 1044 multam
987 981 1249 1068 protractionem

126 1081 429 1169 parlamentorum,
452 1081 542 1146 dicto
563 1106 676 1146 mense
699 1081 787 1148 circa
809 1082 928 1152 finem.
948 1079 1084 1172 negotio
1105 1081 1248 1160 infecto,

126 1183 170 1247 ad
188 1182 282 1248 villas
301 1207 377 1248 snas
393 1197 471 1248 sunt
486 1183 623 1248 reversi.

173 1287 342 1352 lohannes
365 1300 472 1352 autem
500 1287 648 1352 marchio
667 1286 919 1364 Namurcensis,
938 1286 995 1376 qui
1013 1312 1152 1375 presens
1172 1288 1250 1352 ade-

128 1403 191 1467 rat,
219 1388 306 1454 sicnt
329 1402 480 1478 tempore
502 1389 613 1478 aliquo
636 1402 705 1453 erat
722 1389 939 1478 interregem
958 1389 1113 1476 etipsurn
1133 1415 1250 1478 preor-

127 1491 300 1568 dinatum,
326 1489 359 1555 in
385 1517 519 1557 uxorem
543 1494 688 1580 accepit,
709 1492 825 1556 eodem
848 1517 978 1570 mense,
1001 1492 1102 1556 filiam
1119 1493 1250 1557 comitis

128 1595 427 1671 Claremontensis‚
446 1594 555 1682 patrui
571 1594 673 1684 regis,
695 1595 828 1683 ipsique
844 1595 915 1680 regi
933 1593 1091 1659 affinitate
1108 1607 1158 1660 est
1175 1620 1250 1659 coa·

123 1698 274 1783 junctus.
295 1697 357 1781 Qui
380 1699 478 1762 etiarn
502 1722 556 1761 rex
573 1699 661 1761 inter
681 1698 788 1785 ipsum
811 1693 844 1761 et
864 1697 1078 1774 ludovicum,
1097 1699 1250 1762 comitem

126 1799 380 1878 Nivernensem‚
399 1814 577 1888 cognatum
593 1824 701 1877 suurn,
719 1811 867 1886 utsupra
885 1799 1009 1863 dictum
1027 1813 1089 1877 est,
1107 1802 1252 1888 graviter

129 1889 374 1980 discordantes,
405 1927 521 1990 pacem
559 1903 760 1990 composuit.
800 1905 873 1966 Dux
916 1901 1014 1966 etiam
1057 1902 1248 1980 Brabantie‚

126 2005 311 2081 Jobaunes,
343 2005 400 2092 qni
426 2004 473 2084 ibi
502 2018 588 2082 erat,
622 2006 716 2090 cujus
743 2005 841 2068 amita
867 2018 937 2068 erat
966 2005 1098 2069 domina
1133 2005 1248 2084 Maria,

128 2131 271 2171 noverca
291 2106 399 2197 regis,
426 2119 458 2170 et
482 2131 598 2171 omnes
624 2106 754 2172 nobiles
778 2109 916 2171 Francie
939 2120 971 2170 et
999 2104 1155 2171 Flandrie
1176 2131 1251 2170 cum

126 2210 203 2298 ipso
239 2210 385 2274 Robcrto
414 2209 535 2274 comite
570 2224 604 2274 et
641 2209 800 2274 fratribus
829 2209 898 2273 suis
932 2208 1055 2273 ibidem
1093 2207 1250 2274 dicuntur

127 2325 244 2377 contra
274 2310 528 2376 communitates
562 2311 786 2375 Flandreuses
827 2311 1037 2388 convenisse,
1075 2312 1165 2399 quod
1195 2337 1250 2376 eas

126 2414 396 2502 subpeditarent.
418 2415 514 2480 Unde
532 2413 622 2478 dicte
642 2413 915 2490 communitates,
933 2415 967 2476 in
987 2413 1075 2476 viliis
1093 2413 1250 2478 Flandrie

127 2529 163 2582 et
187 2517 431 2603 campestribus
454 2542 514 2604 pro
541 2517 656 2604 majori
680 2529 793 2603 parte,
825 2540 923 2604 grave
954 2515 1250 2582 odinm‘adversus

127 2643 244 2708 regem
265 2632 298 2682 et
324 2618 479 2684 comitem
498 2632 530 2683 et
552 2620 669 2683 sr'atres
686 2620 757 2706 ejus
778 2631 811 2682 ct
832 2642 947 2682 omnes
967 2619 1097 2684 nobiles
1117 2632 1149 2682 et
1166 2619 1253 2684 divi-

126 2735 180 2786 tes
197 2722 394 2810 burgenses,
410 2721 532 2786 dictam
544 2745 659 2808 pacem
676 2719 863 2808 cupientes,
882 2735 1121 2808 conceperunt,
1135 2722 1251 2786 timen-

126 2838 180 2888 tes
202 2823 303 2911 quod,
318 2863 362 2872 -
377 2823 417 2888 ad
434 2823 687 2888 similitudinem
708 2823 846 2886 aliarum
860 2834 1037 2900 terrarum,
1061 2825 1116 2888 ubi
1133 2823 1251 2915 vulgus

129 2925 353 2990 communiter
373 2950 503 2992 servum
520 2938 587 3003 est,
605 2964 647 2974 -
664 2939 697 2990 et
716 2924 781 3012 ipsi
805 2925 839 2988 iu
861 2925 1052 2989 servitutem
1073 2951 1134 3014 per
1153 2926 1250 2991 nobi·

129 3027 212 3091 lium
228 3041 261 3092 et
275 3031 435 3114 majorum
456 3027 667 3092 concordiam
688 3026 931 3118 redigerentur.
1008 3087 1017 3108 ,

176 3133 291 3195 Mense
307 3130 498 3208 Novembri,
522 3130 699 3219 Philippus
720 3155 831 3194 comes
848 3133 873 3195 T
877 3131 1041 3210 heatinus,
1065 3131 1152 3196 filius
1169 3131 1251 3198 Gni-

129 3232 228 3298 donis
255 3235 385 3298 comitis
409 3247 442 3298 et
466 3235 566 3298 frater
586 3233 744 3310 Roberti,
768 3231 825 3321 qui
851 3257 930 3322 erga
953 3257 1065 3322 regem
1090 3234 1123 3297 in
1140 3247 1251 3298 monte

132 3335 316 3402 Pavellensi
340 3335 464 3400 bellum
492 3335 622 3413 habuit,
644 3337 676 3400 in
698 3333 792 3400 Italia
814 3349 963 3402 mortuus
983 3349 1034 3400 est
1054 3349 1088 3400 et
1111 3333 1144 3400 in
1165 3339 1250 3404 Nea·

129 3437 200 3526 poli
218 3438 380 3524 sepultus.
1125 3513 1126 3516 Ἴ

177 3540 302 3604 Eodem
336 3565 461 3618 mense,
488 3553 561 3604 orta
582 3553 632 3604 est
661 3539 846 3620 discordia,
873 3541 906 3604 in
928 3540 1084 3606 Flandrie
1116 3555 1148 3606 et
1178 3542 1251 3608 aliis

129 3641 330 3732 quibusdam
355 3643 472 3724 terris,
511 3642 599 3706 inter
633 3644 812 3706 monachos
842 3642 983 3706 clericos
1019 3645 1252 3710 Cisterciensis

128 3745 261 3809 ordinis
283 3759 316 3810 et
339 3769 517 3810 conversos
535 3746 696 3832 ipsorum,
719 3743 796 3833 qnia
817 3745 955 3809 abbates
973 3770 1087 3810 eornm
1111 3747 1144 3810 in
1169 3771 1251 3836 qua-

129 3848 208 3910 dam
233 3846 493 3937 congregatione
521 3870 578 3910 sna
608 3846 862 3922 ordinaverant,
892 3861 968 3911 ante
990 3860 1123 3936 tempus
1148 3849 1250 3928 istud,

64 4027 67 4032 Ι
129 3948 223 4036 quod
238 3961 326 4012 terre
342 3949 490 4037 ipsorum
508 3947 575 4012 sive
592 3949 675 4036 agri,
694 3971 776 4036 qnos
793 3947 943 4012 conversi
958 3949 1111 4014 solebant
1127 3951 1250 4030 colere,

130 4049 337 4116 secularibus
363 4051 404 4114 ad
429 4050 618 4126 colendum,
641 4049 728 4114 sieut
748 4051 835 4138 nigri
858 4050 1012 4114 monachi
1031 4051 1166 4130 faciunt,
1190 4054 1251 4117 snb

130 4177 241 4218 annua
262 4152 425 4242 pensione
448 4166 480 4216 et
505 4150 615 4217 reditu
634 4152 859 4231 traderentur,
882 4153 1096 4219 intendentes
1113 4154 1252 4219 ulterius

130 4254 235 4321 laicos
257 4257 289 4320 in
312 4279 491 4320 conversos
516 4279 581 4318 non
605 4254 773 4345 recipere,
797 4268 829 4318 et
854 4256 901 4319 sic
921 4281 978 4320 eos
998 4257 1033 4320 in
1054 4281 1113 4322 suo
1133 4258 1251 4324 ordine
