3178 5192
327 474 342 508 x
764 460 1014 510 INTRODUCTION

376 557 569 649 L'Flntrton
598 605 641 648 nn
671 580 885 649 Hnuaouac.
908 621 957 632 -
976 581 1086 651 Cotto
1108 577 1253 649 edition
1274 591 1333 649 cst
1354 575 1453 646 mal-

327 700 622 775 heureuscment
648 702 908 776 delectucuse.
936 703 1190 802 bappenberg
1210 701 1257 774 l'a
1278 703 1393 800 jugae
1415 704 1450 772 si

326 824 573 900 defectueusc
609 828 700 927 qu’il
732 829 791 900 n'a
829 855 880 927 pu
917 831 1041 902 croire
1072 855 1146 928 que
1181 828 1215 899 la
1246 829 1356 926 copie
1394 827 1453 899 snt

326 951 481 1025 l’oeuvrc
502 952 550 1026 de
570 957 778 1027 Hartmann
806 953 856 1026 lni
878 961 1023 1027 meme:
1045 982 1061 1022 (ι
1085 955 1206 1047 Quem
1233 957 1451 1046 (Hartman-

330 1106 346 1147 (ι
376 1083 478 1170 num)
506 1081 688 1178 conjicias
716 1082 842 1178 ipsum
873 1105 949 1150 non
979 1077 1233 1177 descripsisse
1258 1079 1448 1160 codicem,

330 1230 347 1272 a
376 1202 444 1274 sed
461 1202 545 1275 aliis
559 1203 674 1276 rebus
690 1219 918 1302 occupatum
934 1202 1231 1276 describendum
1245 1201 1453 1275 tradidisse

330 1355 347 1396 n
377 1327 513 1400 rcribae
545 1327 711 1414 cuidam,
743 1329 781 1399 in
813 1326 987 1424 legendis
1019 1330 1181 1400 vetustis
1218 1327 1451 1399 membranis

330 1481 346 1522 a
376 1477 509 1550 parum
532 1468 696 1525 versato.
720 1455 792 1547 Qui
815 1479 929 1551 quam
952 1455 1127 1551 imperite
1150 1467 1188 1526 et
1211 1451 1453 1550 negligenter

329 1605 346 1646 a
376 1578 512 1673 egerit,
527 1579 758 1676 comparatis
779 1580 877 1649 inter
893 1603 934 1649 se
951 1576 1132 1649 editionis
1151 1576 1452 1674 Hambnrgensis

330 1730 346 1771 a
376 1705 515 1801 pagina
549 1705 670 1800 prima
704 1716 743 1775 et
776 1704 987 1801 specimine
1020 1705 1219 1801 scripturae
1252 1704 1289 1773 in
1317 1699 1451 1773 oculos

331 1855 347 1896 a
376 1829 535 1900 incurrit
563 1856 570 1898 :
600 1827 739 1900 dubius
772 1829 871 1900 enim
906 1827 1080 1925 prolecto
1108 1827 1294 1910 haercbis‚
1325 1841 1451 1898 utrum

331 1979 348 2020 a
378 1952 500 2050 magis
522 1955 669 2025 mireris
691 1980 735 2027 ea
757 1979 842 2051 qnae
868 1952 1018 2050 legerit,
1039 1979 1084 2023 an
1105 1979 1190 2050 quae
1214 1977 1289 2024 non
1316 1950 1452 2049 legerit

331 2105 348 2146 a
378 2077 489 2148 iste¹.
518 2105 534 2145 u
568 2075 596 2148 ll
622 2093 681 2150 est
706 2075 862 2149 difficile
888 2075 1116 2149 d'admettre
1143 2101 1217 2174 que
1243 2079 1450 2147 Hartmann

329 2201 421 2272 n‘ait
440 2226 508 2299 pas
529 2203 609 2299 pris
632 2201 666 2273 la
687 2205 801 2300 peine
821 2201 998 2274 d’atablir
1021 2201 1221 2273 lui-meme
1242 2226 1312 2272 son
1333 2215 1448 2275 texta.

329 2327 443 2397 Aussi
477 2325 564 2397 bien
598 2325 739 2398 n'est-il
770 2351 845 2424 quc
878 2341 966 2424 trop
993 2328 1085 2412 aisa,
1116 2351 1205 2397 sans
1237 2325 1451 2396 recourira

329 2450 570 2550 l’hypothcse
583 2449 631 2523 de
645 2451 910 2551 Lappenberg,
928 2451 1164 2550 d’expliquer
1181 2447 1451 2522 l'insulfisance

329 2576 377 2648 dc
393 2575 563 2649 l'e'dition
578 2574 626 2648 de
639 2576 861 2677 llambourg
871 2604 939 2676 par
953 2577 1008 2649 les
1023 2601 1182 2675 propres
1196 2574 1451 2649 declarations

300 2709 307 2726 ⁸
330 2701 377 2773 de
396 2699 595 2773 l'editcur:
620 2727 690 2772 son
711 2709 960 2775 etonnement
980 2728 1027 2774 cn
1049 2708 1233 2799 prosence
1253 2699 1321 2772 des
1341 2700 1451 2771 abre-

330 2828 493 2897 viations
516 2851 590 2923 que
612 2834 791 2924 presente
809 2827 1000 2898 l'ecriture
1021 2825 1069 2896 du
1096 2829 1303 2898 manuscrit
1323 2841 1361 2900 et
1383 2824 1451 2896 des

330 2949 947 3050 irregularitasorthographiques
962 2984 976 3020 u
993 2951 1040 3023 dc
1055 2950 1451 3050 quibushujusimpri-

332 3104 349 3145 a
379 3077 450 3146 mis
468 3077 521 3147 rei
542 3075 749 3148 admonere
765 3075 872 3156 libet,
891 3076 1038 3148 litteras
1055 3105 1074 3146 c
1091 3091 1129 3148 et
1145 3095 1157 3146 t
1176 3101 1279 3173 saepe
1294 3078 1394 3147 inter
1411 3100 1452 3146 se

333 3229 349 3270 a
379 3203 585 3298 permutari
601 3215 715 3298 atquc
732 3201 897 3299 simplici
916 3201 1041 3272 littera
1059 3229 1076 3272 e
1093 3201 1354 3300 diphthongos
1369 3228 1399 3270 ae.
1415 3214 1453 3271 et

332 3355 349 3396 a
378 3352 410 3397 oe
431 3351 552 3423 usque
580 3328 765 3424 exprimit
789 3355 804 3396 n
833 3326 993 3399 sulfirait
1021 3336 1039 3398 a
1068 3326 1230 3400 denotor
1253 3352 1322 3399 son
1347 3329 1452 3398 inex-

330 3453 509 3550 perience
528 3449 578 3522 de
592 3449 626 3521 la
646 3451 918 3550 paleographie
940 3451 988 3523 du
1015 3478 1148 3550 moyen
1171 3459 1253 3551 alge.

378 3579 427 3646 La
464 3579 672 3648 Manuscmr
707 3603 749 3646 ua
790 3578 903 3648 Gnuo.
938 3621 987 3629 -
1021 3580 1323 3650 Heureusement
1357 3602 1449 3675 que,

328 3727 426 3800 pour
463 3700 603 3773 dtablir
633 3716 742 3774 notre
775 3714 898 3789 texte,
932 3727 1027 3772 nous
1062 3728 1180 3774 avons
1211 3729 1256 3774 eu
1289 3712 1308 3774 a
1344 3718 1452 3775 notre

330 4054 398 4105 tuM.
417 4053 442 4105 le
457 4052 675 4105 bibliothecnira
697 4072 731 4104 en
753 4053 819 4105 cbel'
836 4056 871 4105 de
892 4055 916 4106 la
937 4053 1136 4126 bibliotheque
1156 4055 1192 4108 de
1213 4055 1389 4122 Hambourg,
1405 4062 1454 4124 qui

331 4157 402 4191 nous
419 4157 434 4188 a
448 4142 553 4207 euvoyd
567 4156 597 4189 ce
615 4137 746 4206 precicux
761 4156 886 4209 ouvrage
900 4159 933 4192 cn
950 4140 1184 4194 communication
1197 4141 1310 4211 jusqu'tl
1326 4139 1415 4192 Paris.

368 4224 393 4277 l.
416 4223 506 4302 Barla,
523 4221 583 4279 SS..
599 4221 673 4289 XVI,
687 4222 748 4276 556.

369 4306 394 4357 2.
416 4305 469 4358 Ed.
487 4305 522 4357 de
539 4303 715 4376 Hambourg,
729 4325 758 4377 p.
776 4309 799 4359 1.
