3178 5192
368 438 396 484 16
746 437 895 486 ANNALES
914 436 1108 485 GANDENSES
1433 438 1487 484 1301

364 553 565 640 quibusdam
586 552 828 618 subtilitatibus
848 567 881 618 et
902 553 1172 640 deceptionibuS,
1196 554 1317 618 sactum
1339 579 1487 618 commu-

365 655 478 719 nitatis
494 655 665 720 vindicare
681 669 713 720 et
731 656 836 745 ipsam
859 657 1087 743 subpeditare.
1106 657 1193 720 inito
1212 656 1316 746 igitur
1333 656 1488 734 consilio,

364 757 405 822 ad
421 758 553 845 pulsum
569 759 741 844 cujusdam
761 759 970 847 campanule,
989 759 1031 822 ad
1047 759 1110 822 hoc
1126 760 1168 823 ab
1187 757 1269 847 ipsis
1284 760 1488 834 ordinatum,

364 884 479 924 omnes
511 863 653 948 majores
686 885 721 925 se
756 873 983 938 armaverunt,
1024 862 1261 926 communitate
1294 861 1378 926 nihil
1416 861 1490 926 ntuli

364 962 553 1051 cogitante,
588 977 829 1053 proponentes
867 986 940 1027 cum
967 962 1134 1050 adjutorio
1170 961 1285 1030 Jacobi
1324 964 1489 1052 predicti,

364 1077 456 1129 extra
475 1065 586 1129 villam
615 1089 690 1130 cum
713 1066 860 1130 exercitu
885 1089 944 1129 suo
968 1090 1003 1130 se
1023 1064 1189 1145 tenentis,
1213 1079 1245 1131 et
1268 1091 1387 1154 quem,
1417 1091 1491 1130 cum

364 1167 489 1232 bellare
522 1167 745 1256 incepissent,
783 1193 844 1256 per
880 1169 1057 1257 quamdam
1094 1180 1225 1256 portam
1260 1168 1490 1233 intromittere

363 1268 595 1349 intendebant,
613 1295 756 1359 propere
772 1270 945 1336 destruere
962 1271 1154 1335 totaliteret
1169 1295 1327 1336 enervare
1341 1296 1489 1336 commu·

362 1367 476 1436 nitatis
500 1386 712 1463 potestatem.
736 1373 833 1454 Quod
854 1385 890 1436 ut
910 1375 1130 1439 communitas
1148 1375 1324 1461 comperit,
1347 1398 1489 1439 currens

362 1475 404 1538 ad
425 1500 531 1553 arma,
553 1475 741 1564 majoribus¹
756 1475 861 1564 ipsam
889 1475 930 1539 ad
959 1476 1092 1564 signum
1117 1476 1305 1564 predictum
1328 1476 1489 1540 incedere

361 1575 603 1665 incipientibus
641 1577 831 1642 virilissime
874 1577 1013 1656 restitit,
1056 1578 1215 1667 ipsosque
1259 1581 1403 1666 majores
1447 1579 1487 1641 ad

360 1678 471 1744 locum
488 1692 613 1758 tutum,
636 1681 694 1768 qui
719 1693 857 1745 vocatur
878 1680 1045 1770 Burgus1,
1074 1683 1166 1766 juxta
1193 1694 1345 1746 sanctum
1371 1685 1487 1746 Dona-

361 1781 524 1861 tianum‘2,
549 1782 664 1872 lugere
694 1782 874 1870 compulit3
903 1781 1025 1847 deinde
1056 1807 1189 1870 quoque
1217 1783 1327 1848 locum
1361 1783 1487 1848 furiose

360 1909 529 1974 aggressa,
552 1883 661 1973 ipsum
680 1885 843 1949 violenter
858 1883 1015 1961 obtinuit,
1034 1897 1067 1948 et
1089 1884 1219 1972 aliquos
1241 1885 1283 1950 de
1301 1885 1487 1973 majoribus

360 1987 499 2065 occidit,
523 1987 644 2051 multos
664 1987 865 2066 vulneravit,
894 1986 1041 2074 reliquos
1061 1987 1188 2052 ducens
1209 1989 1371 2076 captivos.
1401 1990 1486 2054 Cum

359 2103 470 2154 autem
494 2091 713 2154 communitas
736 2089 826 2178 cepit
851 2090 1036 2177 prevalere,
1062 2091 1228 2154 Jchannes
1254 2091 1296 2154 de
1319 2091 1486 2158 Ghistelln

362 2191 403 2255 de
426 2191 510 2256 villa.
526 2192 626 2282 fugit,
649 2205 682 2256 et
702 2193 844 2256 lacobus
867 2192 909 2256 de
934 2192 1182 2258 Sancto-Paulo
1210 2192 1317 2257 villam
1350 2192 1485 2284 ingredi

360 2318 427 2358 non
446 2307 497 2360 est
513 2319 624 2358 ausus.
644 2296 710 2358 lsta
723 2319 834 2384 pugna
851 2293 934 2358 facta
952 2307 1002 2359 est
1018 2295 1105 2360 circa
1124 2294 1269 2360 medium
1287 2295 1378 2373 tulii,
1403 2320 1484 2383 qua·

359 2397 434 2460 dam
457 2396 536 2484 seria
554 2396 705 2484 quinta-³.
727 2399 775 2460 De
796 2396 884 2461 dieta
906 2421 1016 2488 pugna
1042 2397 1215 2485 predictus
1240 2399 1381 2462 lacobus
1406 2422 1485 2488 gra-

358 2500 443 2563 viter
464 2498 669 2587 indignatus,
693 2511 874 2564 convocato
894 2499 927 2563 in
947 2499 1124 2564 consilium
1144 2511 1177 2564 et
1194 2499 1228 2565 in
1250 2500 1408 2564 auxilium
1432 2497 1481 2564 sui

359 2602 459 2666 fratre
476 2626 548 2680 suo,
567 2602 687 2665 comite
707 2600 949 2681 Sancti-Pauli,
966 2615 999 2667 et
1011 2627 1132 2692 magno
1149 2602 1295 2666 exercitu
1315 2602 1482 2667 nobilium

356 2703 512 2769 Flandrie
532 2718 564 2767 et
585 2706 745 2791 majorum
766 2704 903 2767 aliarum
923 2704 1075 2769 villarum
1092 2703 1368 2783 Flandrensium,
1388 2707 1482 2792 juxta

357 2809 485 2895 Bruges
514 2806 664 2870 recessit.
699 2809 741 2870 Et
770 2805 947 2896 agentibus
981 2807 1182 2894 quibusdam
1218 2807 1479 2882 mediatoribus,

356 2909 432 2973 talis
457 2932 521 2997 pax
544 2908 779 2973 interdictum
810 2907 964 2973 comitem
995 2922 1041 2974 ct»
1059 2910 1194 2973 fratrem
1223 2933 1317 2973 suum
1346 2933 1386 2973 ex
1418 2932 1480 2974 una

356 3024 463 3099 parte,
481 3024 514 3074 et
529 3010 639 3074 villam
659 3013 866 3098 Brugensem
888 3035 928 3074 ex
948 3011 1051 3076 altera
1072 3011 1153 3076 inita
1174 3024 1236 3089 est,
1261 3011 1351 3098 quod
1370 3010 1420 3076 illi
1439 3012 1481 3075 dc

356 3113 611 3191 communitate,
638 3110 695 3199 qui
719 3135 753 3174 se
781 3135 856 3175 reos
881 3112 922 3175 de
946 3111 1034 3176 dicta
1061 3112 1284 3177 commotione
1311 3126 1344 3177 et
1367 3136 1479 3202 pugna

357 3227 618 3303 cognoscerent,
638 3213 722 3277 infra
742 3225 901 3277 statutum
922 3226 1072 3300 tempus,
1095 3214 1205 3279 villam
1222 3216 1430 3303 Brugenscm
1449 3225 1481 3277 et

355 3331 478 3382 terram
493 3315 650 3380 Flandrie
668 3315 813 3394 exirent,
834 3339 1003 3402 nunquam
1020 3316 1203 3394 reversuri,
1222 3329 1258 3380 ut
1272 3316 1418 3393 banniti,
1437 3353 1481 3366 -

355 3418 445 3508 quod
470 3430 503 3482 et
526 3418 676 3482 lecerunt
696 3417 833 3496 Petrus,
856 3417 966 3482 dictus
994 3419 1079 3494 Rex,
1105 3431 1137 3483 et
1157 3442 1318 3506 sequaces
1339 3418 1407 3496 sui;
1436 3455 1479 3468 -

355 3519 476 3610 reliqui
492 3532 602 3584 autem
623 3517 664 3582 dc
684 3517 772 3597 villa,
792 3517 923 3583 comitis
943 3531 975 3582 et
996 3519 1106 3584 lratris
1125 3520 1177 3584 sui
1195 3519 1285 3585 dicto
1306 3534 1338 3586 et
1349 3519 1478 3606 judicio

353 3729 445 3776 dontil
456 3727 585 3775 tiruitdes
598 3742 709 3773 revenus
721 3729 853 3774 enormes:
865 3726 928 3781 l'un,
942 3727 966 3773 le
986 3727 1056 3774 droit
1075 3727 1106 3774 de
1121 3728 1147 3776 la
1162 3735 1240 3774 errae
1258 3743 1291 3774 ou
1306 3727 1338 3774 de
1358 3727 1383 3774 ln
1401 3742 1477 3788 grue,

354 3808 399 3838 sur
416 3790 513 3853 l¹engin
536 3795 642 3836 servent
660 3805 693 3836 au
707 3788 911 3850 dechnrgement
935 3789 980 3836 des
995 3789 1116 3842 nuvires;
1131 3791 1232 3846 l'uutre,
1246 3806 1291 3836 sur
1309 3790 1334 3837 lu
1354 3795 1428 3836 vente
1443 3789 1477 3834 du

354 3854 394 3901 viu
407 3852 518 3909 rhenois,
536 3851 692 3899 cest-adire
710 3851 744 3897 du
757 3853 801 3898 vin
819 3851 897 3898 blane
914 3851 1022 3914 produit
1035 3868 1085 3914 pur
1099 3853 1137 3899 les
1153 3859 1262 3900 coteuux
1275 3852 1306 3899 do
1324 3852 1350 3898 lu
1369 3851 1476 3898 Mosello

353 3923 378 3962 et
391 3916 426 3962 du
438 3914 515 3963 Rhin.
531 3913 650 3961 Velthem
668 3912 736 3976 (δρία
755 3913 779 3958 el
794 3913 932 3960 historica!
939 3949 944 3970 ,
964 3915 1010 3961 liv.
1029 3914 1071 3971 lV,
1085 3914 1125 3962 ch.
1146 3915 1189 3978 v1)
1207 3913 1321 3962 attribue
1336 3913 1363 3960 la
1380 3913 1476 3960 deluitc

352 3979 398 4025 des
411 3978 540 4024 ssumnnds
557 3979 571 4023 ia
585 3977 692 4031 Furnes,
708 3931 760 4021 aiu
775 3974 894 4022 trahison
907 3975 942 4022 du
956 3977 1009 4024 sire
1021 3977 1052 4023 de
1067 3976 1217 4024 Ghistelles.

384 4041 406 4086 l.
426 4041 460 4087 Le
475 4040 556 4100 Burg,
571 4038 761 4100 emplucement
778 4036 853 4084 d'une
867 4039 1006 4086 forteresse
1037 4037 1242 4102 uadmngulnire
1259 4039 1350 4086 londes
1370 4054 1400 4086 cn
1414 4040 1459 4085 865
1468 4052 1474 4094 ς

353 4101 448 4156 detuit,
460 4118 491 4148 cn
504 4099 633 4164 principe,
645 4099 671 4146 la
682 4106 751 4146 terre
764 4098 799 4146 du
809 4106 894 4146 comte
906 4099 938 4146 de
951 4056 1070 4148 Flandre.

382 4165 404 4211 2.
425 4163 646 4220 saint-Donatum
660 4161 686 4208 lc
703 4160 850 4224 principale
868 4161 949 4224 e'glise
966 4162 997 4211 de
1010 4164 1121 4225 Bruges,
1136 4162 1263 4224 ugrondie
1277 4179 1335 4210 vers
1353 4162 1423 4218 1080,
1437 4163 1475 4208 sut

352 4226 464 4274 demone
476 4242 508 4273 en
520 4225 588 4273 1799.
603 4225 818 4274 Grumum-van
830 4224 962 4278 Sarnaca,
974 4229 1070 4289 Bruges
1082 4223 1205 4272 ancienne
1214 4230 1238 4272 et
1251 4226 1379 4282 moderno,
1393 4241 1420 4288 p.
1434 4227 1474 4272 63.

384 4293 406 4336 3.
426 4287 529 4338 G.·t·d.
542 4303 576 4336 un
588 4284 671 4349 jeudi,
685 4301 744 4334 vers
760 4287 784 4334 le
797 4285 887 4334 milieu
900 4285 932 4334 de
941 4286 1037 4350 juillet.
