3178 5192
115 437 177 484 1302
497 436 647 484 ANNALES
665 435 859 485 GANDENSES
1209 432 1239 480 25

116 568 149 618 et
179 553 328 642 pedites,
360 552 416 641 qui
448 553 559 618 villam
587 577 648 640 per
678 564 810 617 noctem
833 564 1029 640 sequentem
1060 573 1165 640 usque
1196 550 1237 615 ad

115 679 268 721 auroram
302 656 481 746 vigilantes
512 655 737 732 custodirent,
772 654 904 742 illique,
931 653 1061 742 expleta
1086 653 1238 719 custodia

117 782 189 838 sua,
208 759 248 822 ad
265 758 409 846 quietern
436 758 587 837 ivissent,
610 757 683 821 aliis
709 781 769 844 pro
790 756 837 822 eis
858 757 1039 835 ordinatis,
1063 754 1237 843 dispositis

116 875 149 925 et
164 860 318 937 armatis,
336 885 413 926 eece
429 861 516 926 circa
536 873 644 924 ortum
661 860 740 923 solis
757 857 837 922 ferie
860 861 927 925 ‚Vt
945 858 955 902 ¹
977 860 1149 946 sequentis
1173 856 1235 936 illi,

116 963 174 1051 qui
190 963 301 1028 villam
318 963 486 1041 exierant,
510 962 664 1028 adductis
687 985 798 1026 secum
821 960 931 1025 multis
952 959 1236 1038 Flandrensibus,

40 1143 44 1150 Ι
115 1065 165 1130 vel
187 1066 346 1154 precibus
371 1066 423 1131 vel
444 1065 556 1144 minis,
579 1064 620 1129 de
639 1067 721 1130 Dam
742 1076 775 1129 et
795 1062 867 1128 aliis
883 1063 971 1127 villis
992 1062 1237 1151 campestribus

116 1183 148 1233 et
162 1169 276 1248 terris,
293 1169 326 1232 in
348 1168 470 1256 quibus
491 1166 582 1232 brevi
603 1180 754 1255 tempore
774 1167 952 1244 latuerant,
971 1167 1011 1230 ad
1029 1165 1139 1230 villam
1155 1167 1237 1230 Bru·

114 1294 253 1358 gensem
274 1269 391 1334 armati
413 1283 635 1347 revertuntur,
658 1269 832 1357 ipsamque
847 1293 907 1356 per
926 1269 1104 1346 fossatum,
1121 1266 1156 1331 in
1177 1265 1237 1331 ali·

115 1372 239 1460 quibus
255 1372 337 1437 locis
356 1373 590 1462 repletum,'et
614 1396 674 1460 per
692 1395 847 1460 aggerem
867 1371 1014 1436 dirutum
1035 1383 1068 1436 et
1093 1395 1154 1460 per
1176 1369 1237 1434 ali·

115 1497 197 1561 quas
219 1488 333 1563 portas
353 1475 529 1553 intrantes,
554 1473 679 1538 furioso
702 1474 812 1539 animo
837 1475 982 1538 Francos
999 1473 1176 1564 vigilantes
1196 1472 1237 1536 ad

115 1598 263 1666 pugnam
282 1592 473 1665 provocant.
499 1576 823 1663 Committentesque
843 1599 917 1640 curn
939 1575 1001 1654 eis,
1025 1577 1116 1664 ipsos
1138 1598 1238 1663 supe·

117 1692 202 1757 rant,
219 1692 254 1744 et
272 1680 387 1769 fugere
404 1693 437 1744 et
454 1693 548 1769 terga
568 1692 698 1744 vertere
723 1677 947 1766 compellunt,
973 1679 1236 1754 conclamantes,

116 1783 201 1847 sicut
221 1784 308 1846 inter
329 1806 364 1847 se
385 1794 461 1847 ante
483 1781 606 1847 dictam
627 1804 770 1870 pugnam
794 1779 1032 1860 condixerant,
1055 1781 1121 1845 duo
1141 1804 1240 1844 voea-

115 1884 205 1965 bula,
224 1884 355 1949 scilicet
373 1911 388 1946 a
402 1897 532 1950 scotuna
544 1912 559 1947 u
573 1884 623 1948 vel
641 1910 657 1946 a
670 1883 798 1972 clipeus
814 1910 830 1946 u
842 1897 874 1948 et
885 1910 902 1946 u
915 1883 1040 1948 amicus
1054 1909 1084 1962 a,
1097 1883 1239 1972 eoquod

118 1987 282 2076 «clipeus
307 2014 323 2051 u
347 1988 381 2052 in
402 1988 577 2078 Flamingo
597 2011 671 2052 cum
693 1986 913 2074 aspiratione,
942 2011 1040 2074 quam
1065 1987 1186 2051 Franci
1206 2000 1239 2050 et

116 2090 236 2155 Gallici
249 2115 368 2155 sonare
384 2115 449 2154 non
463 2103 618 2178 possunt,
636 2103 669 2154 et
684 2088 843 2156 scribitur
859 2090 906 2153 sic
925 2114 932 2150 ι
953 2115 969 2150 u
984 2088 1061 2154 sciit
1073 2114 1103 2152 u.
1118 2087 1238 2155 Statim

116 2206 278 2257 autemut
304 2193 372 2270 illi,
396 2192 454 2280 qui
479 2193 512 2256 in
534 2191 610 2256 villa
631 2205 878 2270 remanserant,
898 2192 962 2256 hoc
981 2191 1235 2269 intellexerunt,

116 2295 171 2382 qui
187 2294 295 2384 prius,
314 2294 417 2383 aliqui
431 2294 579 2383 ipsorum
596 2293 717 2372 veraci,
736 2293 838 2382 aliqui
850 2294 928 2358 licto
943 2295 1052 2358 lavore
1064 2306 1096 2358 et
1112 2316 1235 2372 amore,

116 2399 253 2462 Francis
273 2398 495 2476 adheserunt,
518 2421 633 2461 omnes
656 2421 721 2461 uno
742 2396 843 2462 corde
864 2397 905 2460 ad
929 2421 1006 2461 suos
1031 2395 1238 2461 contribules

115 2500 259 2564 victores
276 2499 445 2577 conversi,
465 2501 609 2565 Francos
630 2511 695 2563 tam
712 2498 888 2588 vigilantes
909 2523 1007 2588 quam
1034 2499 1238 2563 dormientes

116 2625 189 2666 cum
211 2601 296 2690 ipsis
317 2602 437 2667 cedere
458 2614 620 2688 ceperunt
638 2625 676 2665 ac
696 2601 877 2686 trucidare,
900 2600 1145 2666 conclamantes
1160 2624 1238 2663 eum

116 2703 319 2770 intrantibus
345 2731 351 2767 :
391 2731 407 2766 a
436 2705 565 2792 clipeus
601 2716 633 2768 et
655 2702 812 2768 .amicus‘2
842 2732 871 2766 a.
902 2703 999 2770 Unde
1034 2693 1178 2768 Jac'obus
1207 2717 1240 2770 et

116 2809 235 2871 Petrus
254 2807 295 2871 de
310 2806 402 2873 Flota
421 2830 550 2870 sommo
567 2831 641 2870 eum
656 2806 776 2870 timore
792 2806 833 2870 de
850 2805 924 2869 villa
942 2806 1112 2894 sugerunt,
1130 2807 1239 2870 omni-

117 2909 177 2972 bus
197 2908 401 2998 paramentis
418 2921 451 2972 et
465 2907 715 2998 provisionibus
729 2907 860 2972 bellicis
878 2920 911 2972 et
924 2907 1023 2972 etiam
1040 2908 1139 2972 rebus
1156 2909 1237 2986 suis,

117 3013 265 3100 exceptis
282 3010 376 3100 equis
392 3010 426 3075 in
449 3011 571 3100 quibus
585 3010 793 3088 insidebant,
811 3009 959 3088 amissis,
978 3022 1010 3075 et
1026 3009 1068 3073 de
1084 3009 1152 3074 suis
1173 3009 1238 3074 cir·

118 3113 198 3178 citer
221 3114 310 3178 mille
331 3113 526 3203 quingentis
547 3112 667 3177 occisis
692 3125 726 3176 et
749 3126 881 3178 centurn
904 3112 1010 3200 captis
1031 3111 1235 3178 derelictis3.

440 3275 610 3288 ᾐ-

148 3365 169 3413 1.
189 3364 259 3421 1302,
274 3365 304 3410 18
317 3363 379 3412 mai.

147 3427 170 3472 2.
188 3425 240 3474 Sur
261 3427 284 3472 le
304 3425 342 3473 cri
362 3424 393 3472 de
412 3441 507 3487 guerre
526 3426 571 3474 des
591 3425 701 3474 Matinae
721 3425 874 3487 brugeoises
889 3444 902 3468 a
918 3425 1007 3472 Schild
1021 3441 1051 3472 en
1066 3425 1158 3473 vriend
1172 3442 1194 3482 u,
1213 3441 1237 3472 v.

118 3486 209 3535 l't'rtude
222 3488 254 3534 de
266 3489 300 3535 M.
314 3489 327 3534 J
333 3525 338 3534 .
352 3489 371 3534 F
374 3487 516 3543 redericbs,
531 3487 597 3536 dans
610 3489 648 3536 les
661 3487 786 3534 Bullatins
797 3488 830 3534 de
842 3487 867 3534 la
886 3490 980 3535 Comm.
993 3505 1050 3551 roy.
1063 3487 1195 3536 d'ln‘atoire
1208 3489 1240 3535 de

117 3549 246 3622 Belgiqne,
260 3557 279 3599 t.
295 3551 341 3606 Ill,
357 3559 385 3596 n⁰
398 3551 421 3607 2,
435 3550 466 3598 da
483 3551 509 3597 la
521 3551 666 3615 cinqni'eme
682 3551 748 3598 serie
761 3549 852 3613 (1893).
866 3551 988 3598 L'auteur
1000 3567 1032 3598 ne
1045 3550 1099 3598 voit
1111 3567 1159 3613 pus
1173 3551 1239 3598 dans

118 3627 144 3656 ee
163 3629 200 3658 err
220 3613 244 3660 lc
263 3613 374 3660 resultat
394 3612 455 3658 d’un
477 3613 539 3674 plan
563 3613 683 3660 combine
704 3616 718 3659 n
737 3613 862 3667 t’avanee,
883 3629 983 3660 comme
996 3614 1020 3660 lc
1041 3631 1052 3659 a
1067 3613 1144 3660 ciceri
1162 3629 1173 3658 u
1193 3613 1238 3660 des

120 3674 213 3736 chres
227 3675 380 3722 Sicilicnnes
401 3675 491 3738 (1282).
506 3675 572 3722 mais
587 3693 619 3722 un
638 3676 734 3738 simple
747 3675 783 3722 cri
800 3675 831 3721 de
844 3691 938 3736 guerre
952 3678 1049 3737 pousse
1062 3691 1110 3738 par
1120 3677 1158 3722 les
1172 3675 1239 3722 Bru·

117 3735 187 3843 {eois
196 3745 226 3848 let
236 3753 286 3800 que
297 3738 336 3784 les
350 3738 475 3798 Franpais
490 3754 517 3784 se
531 3738 644 3785 seruient
657 3737 766 3786 efforce's
779 3737 810 3784 de
826 3741 930 3800 repetet·
943 3753 1011 3800 pour
1024 3753 1119 3784 sauver
1129 3738 1186 3784 leur
1199 3738 1240 3784 vie

137 3814 183 3845 ons
208 3801 324 3847 amelec.

147 3863 168 3907 3.
187 3863 222 3910 La
237 3861 382 3925 Clarcar'quc
395 3862 539 3908 artasienne
552 3869 658 3910 raconte
671 3863 709 3910 les
724 3862 834 3908 Matinrs
848 3862 879 3908 de
893 3863 993 3924 Bruges
1008 3861 1074 3908 dans
1092 3863 1130 3909 les
1143 3868 1239 3908 termas

121 3924 236 3971 salvante
251 3940 257 3972 t
278 3945 290 3968 a
308 3925 340 3972 Et
359 3924 439 3972 udont
461 3924 565 3972 vincent
582 3925 653 3971 dessi
671 3941 685 3971 a
701 3941 765 3971 .xxx.
779 3925 906 3986 bourgois
922 3940 955 3970 ou
974 3925 1015 3970 .xl.
1033 3940 1102 3986 pour
1118 3925 1208 3986 parler
1225 3940 1240 3970 a

121 3987 302 4049 inonseigneur
322 3987 429 4034 Pierrnn
450 3988 537 4043 Flete:
558 3994 583 4034 et
596 3987 682 4034 dirent
698 3988 749 4033 cbil
763 3987 889 4048 bourgois
907 4002 957 4049 que
970 3985 1059 4034 chiens
1073 3987 1182 4034 kemuns
1195 3987 1239 4051 qui

121 4048 190 4095 avait
203 4051 249 4096 luit
262 4051 297 4097 tel
310 4057 419 4111 outrage
431 4066 446 4096 a
457 4050 524 4096 Male
537 4049 615 4096 estoit
626 4049 717 4096 widies
731 4065 798 4110 pour
810 4050 867 4096 leur
880 4049 940 4102 ban,
954 4055 980 4096 et
992 4065 1041 4113 qna
1054 4049 1114 4096 bien
1126 4049 1241 4096 volcient

121 4109 191 4158 obeir
203 4127 218 4158 a
230 4111 276 4163 lui.
286 4128 354 4174 pour
362 4111 429 4160 chon
442 4111 505 4174 qu'il
516 4129 532 4175 y
542 4112 631 4159 venuit
643 4111 674 4159 de
683 4127 732 4174 par
742 4113 768 4158 le
782 4112 850 4173 Roy;
864 4111 932 4158 mais
945 4111 1006 4158 bien
1017 4111 1103 4158 dirent
1115 4127 1128 4158 a
1142 4111 1180 4158 lui
1191 4127 1240 4173 que

121 4187 147 4217 se
160 4173 275 4229 meaires,
296 4174 374 4222 lakes
388 4191 404 4236 y
417 4174 512 4221 entroit
525 4189 574 4236 que
594 4175 617 4221 le
635 4190 695 4221 cose
714 4174 817 4236 porroit
829 4173 889 4222 bien
902 4180 1009 4221 tourner
1026 4189 1041 4220 a
1059 4174 1112 4220 mal
1124 4180 1149 4220 et
1161 4189 1211 4236 que
1221 4174 1239 4220 li

121 4233 227 4282 kemuns
241 4253 271 4284 ne
291 4237 315 4283 le
337 4237 439 4300 porroit
458 4236 564 4284 souffrir
582 4253 642 4284 sans
657 4237 710 4282 mal
727 4237 800 4284 taire.
814 4237 911 4284 'l'outes
929 4236 1001 4284 voles
1014 4253 1030 4298 y
1043 4235 1202 4283 entrerent-il
1216 4242 1241 4282 et

122 4311 148 4342 se
166 4297 363 4362 berbergierent
381 4315 431 4361 par
452 4299 595 4361 pluisieurs
616 4299 692 4348 licus.
715 4299 748 4346 Et
771 4314 798 4345 se
821 4299 913 4347 fierent
932 4299 991 4361 plns
1005 4300 1100 4346 mestre
1117 4298 1196 4345 lakes
1209 4298 1241 4344 de
