3154 5190
347 375 377 422 ss
728 365 877 424 inustus
896 363 1090 423 cannenses
1402 377 1452 424 rau

346 493 417 580 pria
436 492 566 556 fuerant
582 491 717 570 reversi,
737 503 770 556 et
785 490 1008 582 burgenses¹,
1031 503 1064 558 et
1085 515 1280 582 mangones,
1301 505 1333 556 et
1356 493 1453 556 carui·

346 595 436 674 lices,
461 607 494 658 et
515 592 713 682 piscatores,
739 593 772 658 in
800 593 987 683 predictam
1012 593 1151 658 formam
1175 595 1267 682 pacis
1291 594 1454 660 voluerunt

345 695 549 775 consentire,
576 720 716 786 eamque
741 696 853 786 sigillo
877 695 954 761 ville
979 698 1193 762 concorditer
1215 696 1375 786 sigillare.
1398 697 1455 762 Sed

345 803 462 866 Petrus
492 802 573 878 Rex,
603 811 713 866 textor
742 798 928 887 quondam,
955 811 1073 886 postea
1101 798 1214 879 miles,
1241 813 1275 864 et
1297 802 1455 866 Johanues

345 904 501 982 Frenum,
519 901 678 980 carnifex,
697 915 729 966 et
744 903 913 966 lohannes
930 899 1049 980 Heine,
1067 902 1160 982 lullo,
1177 916 1339 970 eteorum
1354 927 1456 992 sequa·
1533 926 1534 964 r

345 1029 412 1082 ces,
431 1029 505 1068 cum
521 1004 676 1069 omnibus
690 1004 889 1080 textoribus,
905 1001 1088 1068 fullonibus
1106 1018 1138 1069 et
1155 1005 1327 1069 rasoribus
1345 1029 1457 1092 panno·

345 1132 429 1192 rum,
454 1105 565 1172 etalii
589 1131 704 1172 omnes
731 1105 920 1170 mechanici
944 1105 1111 1197 vulgares,
1138 1107 1295 1172 timentes
1322 1106 1458 1197 pellibus

343 1211 424 1290 suis,
438 1249 482 1260 -
493 1235 532 1275 eo
548 1208 639 1299 quod
653 1207 788 1297 plurimi
807 1209 955 1298 ipsorum
973 1209 1074 1273 multa
1091 1208 1188 1288 mala,
1207 1210 1293 1276 sicut
1315 1210 1350 1274 in
1365 1233 1457 1298 guer-

344 1316 390 1378 ris
411 1313 482 1378 fieri
500 1312 598 1390 solet,
616 1335 695 1402 erga
713 1335 827 1400 regem
843 1324 875 1376 et
894 1313 1041 1376 Francos
1058 1325 1090 1376 et
1108 1310 1271 1376 Liliardos
1292 1311 1459 1376 commise-
1535 1334 1536 1358 r

345 1429 430 1495 rant,
452 1455 495 1466 -
513 1413 767 1480 considerantes
781 1413 880 1478 etiam
900 1412 1090 1501 principum
1111 1426 1145 1478 et
1158 1413 1301 1478 militum
1322 1427 1356 1478 et
1371 1414 1459 1478 nobi·

345 1519 425 1584 lium
442 1517 682 1606 armigerorum
698 1527 731 1581 et
748 1517 909 1603 majorum
925 1528 958 1580 et
972 1514 1131 1580 ditiorum
1156 1517 1190 1580 in
1208 1515 1295 1586 villis
1312 1516 1460 1582 omnibns
1536 1538 1537 1548 ¹

345 1621 502 1688 adversus
514 1645 549 1685 se
565 1618 791 1698 concordiam,
811 1617 1038 1706 ponderantes
1051 1617 1150 1682 etiam
1172 1618 1315 1706 quedam
1331 1618 1364 1684 in
1380 1618 1460 1684 dicta

345 1725 455 1790 littera
469 1723 670 1810 conscripta,
692 1734 724 1785 et
745 1720 828 1784 dure
843 1719 1061 1807 accipientes,
1083 1744 1147 1808 que
1165 1745 1276 1809 supra,
1301 1722 1364 1786 sub
1382 1744 1461 1786 anno
1537 1742 1538 1780 f

349 1827 584 1909 .M.CCC.Vl.,
595 1824 704 1914 posita
719 1846 786 1886 non
798 1834 887 1900 sunt,
906 1820 1035 1887 scilicet
1048 1821 1139 1909 quod
1152 1846 1207 1886 rex
1222 1836 1338 1912 posset
1357 1821 1462 1912 inqui·

346 1955 418 1996 rere
443 1954 500 1994 eos
531 1928 588 2016 qui
611 1926 743 1990 fuerant
760 1923 963 2012 principium
988 1937 1021 1987 et
1044 1947 1142 1988 causa
1164 1917 1268 1990 totius
1293 1950 1414 2015 guerre
1435 1938 1463 1990 et
1538 1944 1539 1996 t

346 2057 497 2097 recessus
520 2044 608 2095 terre
629 2027 777 2115 abipso,
804 2039 837 2090 ct
858 2024 990 2115 punire,
1015 2039 1046 2090 et
1068 2025 1159 2116 quod
1180 2027 1279 2091 etiam
1297 2041 1413 2116 posset
1426 2029 1462 2092 de

345 2149 433 2200 terra
478 2133 630 2222 accipere
661 2153 794 2193 omnem
827 2126 1039 2192 securitatem
1074 2151 1171 2216 quam
1199 2129 1299 2194 vellet
1329 2169 1375 2180 -
1402 2154 1460 2220 que
1539 2148 1540 2166 ¹

344 2251 454 2302 tamen
476 2235 672 2301 securitates
694 2229 740 2296 ibi
761 2232 886 2318 scripte
906 2242 1101 2308 nouerant,
1123 2269 1167 2280 —-
1184 2256 1225 2294 ex
1241 2256 1305 2320 qua
1321 2232 1463 2298 clausula

345 2338 632 2427 conjecturabaut,
652 2333 742 2422 quod
757 2332 857 2397 vellet
872 2330 1024 2420 accipere
1040 2345 1160 2398 aterra
1182 2333 1301 2400 multos
1318 2335 1462 2412 obsides,
1540 2359 1541 2364 ¹

345 2457 377 2508 et
398 2443 525 2507 auferre
542 2462 643 2516 arma,
666 2448 700 2500 et
715 2434 918 2525 quodetiam
931 2435 1040 2498 omnia
1062 2448 1218 2500 contenta
1232 2434 1266 2500 in
1284 2436 1398 2502 littera
1413 2461 1465 2502 rex

345 2558 459 2631 posset
475 2565 610 2629 ¹semper
625 2538 659 2605 in
675 2551 865 2628 posterum,
884 2536 1066 2602 secundum
1083 2561 1179 2602 suurn
1200 2538 1462 2626 beneplacitum,
1541 2561 1542 2582 ¹

346 2659 472 2712 mutare
492 2657 524 2710 et
547 2642 733 2719 meliorare,
761 2653 794 2704 et
819 2638 1029 2729 quodetiam
1051 2640 1253 2728 quicumque
1275 2641 1465 2732 Flamingo-

345 2773 418 2815 rum
444 2751 567 2814 fuceret
587 2759 702 2812 contra
727 2742 837 2830 aliqua
866 2742 901 2805 in
928 2740 1040 2806 littera
1065 2754 1235 2822 contenta,
1263 2742 1374 2809 statim
1396 2747 1465 2834 ipso

345 2852 431 2920 facto
458 2864 547 2918 esset
571 2845 894 2921 excommunicatus,
919 2842 977 2906 tali
998 2844 1356 2925 excommunicatione,
1380 2845 1466 2936 quod

345 2955 386 3020 ab
415 2978 452 3020 ea
481 2950 608 3018 absolvi
635 2972 701 3014 non
725 2958 852 3036 posset,
874 2943 940 3009 nisi
960 2970 978 3011 a
996 2968 1099 3033 papa,
1121 2957 1155 3009 et
1172 2970 1234 3011 nec
1250 2970 1267 3010 a
1282 2971 1381 3037 papa,
1407 2947 1467 3014 nisi

345 3059 385 3123 ad
398 3057 486 3146 regis
501 3051 755 3142 requisitionem
765 3047 1009 3112 etvoluntatem
1020 3049 1050 3110 ²:
1072 3047 1163 3114 nullo
1180 3050 1279 3114 modo
1293 3050 1468 3116 voluerunt

346 3159 548 3234 consentire,
575 3157 642 3220 imo
667 3151 757 3228 aliis,
781 3150 910 3215 scilicet
933 3150 1159 3239 burgensibus
1178 3164 1211 3215 et
1232 3154 1465 3244 mangonibus,

346 3268 484 3331 multum
501 3260 679 3352 indignati,
702 3258 743 3323 ad
764 3281 853 3322 arma
869 3280 1004 3321 currere
1021 3271 1194 3345 ceperunt.

391 3373 468 3435 Erat
487 3391 567 3456 ergo
584 3364 685 3429 timor
700 3373 733 3426 et
747 3373 874 3434 tremor
888 3359 1047 3424 maximus
1060 3359 1092 3423 in
1113 3360 1190 3424 villa
1202 3361 1244 3425 de
1259 3361 1467 3427 ferocissimo

345 3472 435 3538 bello
455 3467 633 3552 intestin03
662 3461 851 3530 consentire
873 3461 962 3525 enim
986 3485 1051 3526 uon
1072 3462 1221 3527 volentes
1240 3476 1335 3528 erant
1354 3465 1468 3553 plures

349 3623 1459 3648 Um

377 3736 398 3784 l.
419 3735 591 3796 «burgenses
605 3747 616 3777 n
628 3735 694 3777 cette
710 3729 808 3774 lecture
823 3725 954 3786 s'impose,
974 3724 1033 3770 bien
1052 3740 1101 3786 que
1116 3727 1141 3771 le
1161 3741 1210 3771 ms.
1224 3725 1255 3772 de
1274 3725 1349 3776 Gand
1367 3733 1391 3774 et
1409 3727 1467 3775 l'ad.

345 3800 377 3847 de
390 3798 545 3857 Hembourg
557 3797 662 3856 portent
676 3809 688 3839 a
702 3791 755 3838 Bru
776 3804 852 3836 enses
866 3803 887 3834 n.

377 3864 399 3909 2.
418 3861 450 3908 Et
462 3874 555 3907 encore
574 3805 775 3918 supplicarunt-il
794 3851 842 3912 (les
861 3848 1011 3912 Flamands)
1032 3865 1047 3894 e
1069 3855 1142 3896 notre
1160 3865 1222 3911 pere
1240 3850 1264 3898 le
1281 3851 1360 3914 Pape,
1381 3868 1432 3914 que
1452 3853 1469 3899 il

344 3924 452 3972 lesdites
467 3927 600 3968 sentences
614 3915 711 3964 vueille
730 3916 885 3967 contermer,
905 3917 997 3957 mettre
1014 3917 1040 3957 et
1052 3917 1126 3973 geter
1142 3910 1174 3957 de
1189 3912 1323 3960 s'uutorite
1339 3915 1423 3978 papal
1438 3931 1467 3962 en

345 4003 391 4035 eus
403 3992 428 4033 et
440 4001 471 4032 en
483 3983 598 4030 chascun
613 3981 643 4027 de
656 3995 701 4026 eus
716 3992 777 4024 sunz
790 3989 835 4022 eus
845 3980 924 4023 ctrne
938 3974 1059 4036 oppeter;
1070 3973 1218 4034 desquelles
1227 3981 1467 4036 sentencestoutes,

345 4066 401 4105 eus,
419 4063 451 4094 ne
464 4047 522 4093 leur
540 4057 701 4095 successeur,
721 4039 778 4084 leur
795 4044 886 4091 terres,
913 4036 970 4081 leur·
992 4033 1077 4086 villes.
1100 4051 1132 4080 ne
1150 4035 1207 4081 leur
1227 4047 1419 4099 apartenances
1439 4055 1469 4086 ne

366 4113 466 4160 uissent
479 4113 549 4156 estre
562 4111 587 4152 et
596 4121 628 4152 ne
641 4102 725 4150 soient
738 4101 837 4158 ubsola,
850 4100 904 4144 lors
917 4113 932 4143 a
946 4097 971 4143 lu
982 4103 1101 4158 requeste
1114 4096 1189 4143 dudit
1201 4105 1276 4146 notre
1288 4101 1342 4147 sein
1364 4117 1430 4148 neur
1446 4102 1468 4150 le

345 4130 392 4222 lor
405 4190 438 4220 ou
449 4171 480 4219 de
495 4187 541 4218 son
555 4166 730 4216 mandement.
742 4179 754 4208 n
768 4161 856 4209 Traite
869 4157 978 4218 d'xthis,
990 4159 1064 4220 publ.
1075 4174 1125 4221 par
1136 4158 1330 4210 Gilliodts-Van
1344 4117 1466 4222 beveren,

344 4240 442 4284 lavent.
455 4235 500 4282 des
514 4230 635 4280 Archives
646 4228 677 4274 de
690 4227 716 4273 la
728 4223 785 4271 ville
798 4223 830 4270 de
843 4225 948 4286 Bruges,
963 4228 981 4268 t.
996 4221 1016 4276 1,
1030 4237 1056 4283 p.
1068 4223 1122 4270 285.
