3154 5190
128 427 190 486 taoa'
512 425 663 488 inuitus
680 425 874 485 aauuausas
1219 433 1249 486 tr

124 555 257 642 juvenis
282 554 377 643 quasi
406 566 495 618 tutor
514 567 548 618 et
564 552 688 618 ‘totalis
706 553 923 642 gubernator.
946 556 999 631 Et,
1022 565 1058 618 ut
1075 553 1198 618 dicitur
1217 567 1250 619 et

129 657 242 721 multis
253 656 396 734 videtur,
412 654 652 744 postmodum
645 679 754 742 ipsum
771 652 965 719 intoxicavit
977 689 1021 706 --
1036 668 1185 720 mortuus
1199 668 1251 720 est

126 757 216 823 enim
233 783 300 823 non
316 759 420 823 multo
435 771 512 846 post
526 771 676 847 tempore
694 755 784 822 lluxu
796 755 957 834 vuutrial,
971 746 1247 860 -posseditque

128 860 336 941 comitatum,
361 859 438 950 quia
464 873 568 925 mater
593 883 664 935 sua,
694 881 788 924 soror
808 859 914 924 iuerat
940 860 1124 938 Wilbelmi,
1143 883 1251 950 quon-

128 963 204 1028 dam
221 965 310 1052 ragis
326 962 536 1041 Alemannie‚
551 985 567 1026 a
584 961 781 1027 Frisonibus
798 961 899 1026 ooeisi
907 961 1097 1051 ,patrisque
1116 964 1251 1028 Floren-

128 1066 201 1130 tiit
227 1066 341 1150 Quia
334 1067 437 1155 igitur
459 1066 501 1129 ab
524 1063 670 1152 antiquis
687 1063 896 1153 temporibus
915 1063 1056 1130 comites
1077 1067 1252 1132 Hollandie

128 1181 252 1233 terram
277 1167 518 1232 Zeloudensem
537 1191 555 1232 a
577 1167 755 1232 comitibus
780 1167 949 1244 Flandrie,
975 1179 1142 1256 tamquam
1164 1157 1250 1234 bona

129 1269 287 1349 feodalia,
328 1284 444 1334 tenere
479 1281 738 1346 consueverant,
773 1282 813 1334 et
837 1269 890 1333 lex
922 1269 964 1334 sit
996 1293 1033 1334 aa
1066 1273 1251 1336 eommunis

128 1371 365 1438 consuetudo
356 1397 390 1436 ιιι
404 1373 561 1436 comitatu
580 1370 767 1447 Hollandie,
793 1363 882 1458 quod
902 1363 1171 1470 quandocunque
1191 1373 1252 1437 ali·

128 1477 206 1563 quis
232 1474 356 1540 nobilis
385 1487 418 1539 et
442 1475 633 1562 ingenuus³
662 1474 733 1538 sine
758 1467 883 1538 herede
909 1474 950 1538 de
984 1497 1083 1540 earne
1116 1463 1251 1565 propria

129 1574 283 1656 moritur,
302 1577 400 1641 etiam
422 1600 450 1641 si
441 1576 588 1641 habeat
604 1577 733 1653 fratres,
753 1576 840 1640 bona
859 1597 917 1640 aua
936 1577 1076 1644 feudalia
1093 1577 1134 1642 ad
1149 1579 1252 1642 domi·

128 1705 210 1746 num
238 1677 463 1768 superiorem,
496 1677 626 1743 seilioet
646 1677 813 1757 comitem,
839 1677 1068 1758 revolvuntur3
1095 1669 1254 1770 relinquit

128 1797 242 1848 tamen
274 1782 325 1847 isl
354 1807 404 1860 ea,
429 1780 611 1846 seeundum
636 1803 845 1846 communem
864 1783 1139 1847 consuetudinem
1151 1807 1253 1873 ,pro-

128 1884 368 1974 pinquioribus
411 1883 476 1948 sibi
515 1907 577 1971 pro
616 1881 737 1948 minori
774 1907 873 1996 quam
903 1884 1034 1950 valeant
1063 1885 1190 1974 preti03
1221 1897 1270 1950 etv

128 1987 327 2054 Johaunes
316 1986 461 2076 juvenis,
483 2009 596 2051 comes
612 1985 805 2065 Hollandie,
822 1985 895 2051 sine
909 1975 1075 2052 herede
1050 2011 1097 2053 sto
1111 1989 1252 2066 obierat,

130 2103 170 2154 ut
199 2089 325 2154 dictum
352 2103 427 2154 est:
447 2088 558 2154 Guido
584 2111 710 2167 comas,
741 2081 918 2178 antequam
950 2114 966 2154 a
994 2077 1130 2169 Karolo,
1154 2092 1255 2156 fratre

129 2193 221 2282 regis
242 2192 397 2287 Francia,
421 2191 454 2255 in
482 2189 673 2279 captivi-tate
701 2191 808 2256 fuerat
830 2191 962 2270 ductus,
989 2205 1112 2258 terram
1138 2194 1255 2260 'Lelan-

129 2295 271 2360 densem
287 2295 329 2359 ad
345 2319 380 2358 se
396 2296 486 2382 juste
504 2291 693 2358 devolutam
710 2287 882 2381 reputans,
899 2308 1066 2384 tamquam
1084 2295 1255 2360 dominum

129 2397 353 2486 superiorem,
376 2394 573 2485 quidquid
566 2419 599 2458 ιιι
625 2417 662 2460 ea
686 2396 773 2482 juris
793 2395 922 2474 habuit,
936 2394 1091 2462 Gnidoni
1115 2400 1256 2463 Namur

129 2499 239 2576 censi,
259 2498 365 2564 fiho
343 2523 416 2577 suo
434 2497 708 2588 elegantissimo
697 2517 822 2585 Juvenr
841 2498 997 2598 tradidit,
1013 2523 1041 2564 ιι
1057 2523 1127 2566 earn
1143 2515 1256 2589 posset

129 2602 273 2680 viribus,
291 2613 325 2666 et
345 2598 472 2665 favente
494 2599 559 2663 sibi
575 2602 659 2676 Deo,
679 2589 845 2666 obtinere.

178 2709 294 2794 Itaque
331 2703 500 2769 lohannes
539 2714 573 2767 et
601 2701 712 2766 Guido
747 2701 899 2766 odiosum
935 2718 1113 2794 cognatum
1142 2730 1255 2786 suum,

131 2808 289 2872 comitem
305 2805 456 2871 Hanonie
472 2818 506 2870 et
519 2803 676 2868 Zelaudie
688 2843 733 2854 -
748 2803 805 2892 qui
822 2818 950 2892 patrem
969 2807 1118 2894 ipsorum
1133 2809 1258 2897 pluries

132 2909 334 2985 irritaverat,
352 2922 545 2996 terramque
569 2905 827 2984 Flandrensem,
850 2931 889 2972 eo
913 2921 1081 2996 tempore,
1097 2933 1163 2998 quo
1183 2935 1257 2976 oum

132 3037 215 3102 rege
234 3026 266 3075 et
285 3013 422 3076 Francis
439 3011 656 3100 guerrabant,
671 3009 840 3074 hostiliter
854 3000 1081 3092 infestaverat,
1093 3051 1137 3062 -
1148 3014 1257 3102 impu·

131 3137 239 3206 gnare
268 3128 301 3178 et
327 3129 449 3178 terram
481 3111 586 3200 patris
612 3111 661 3175 tui
691 3112 866 3199 possidere
899 3113 1108 3195 festinantes,
1140 3118 1257 3182 relicto

131 3217 317 3285 Wilhelmo
328 3214 526 3280 qulandria
537 3228 652 3279 contra
669 3214 828 3278 insultum
840 3213 1136 3302 stipendiariorum
1152 3219 1254 3308 regis,

131 3331 339 3407 congregata
363 3318 469 3382 classe
494 3340 612 3406 magna
633 3327 665 3380 et
683 3315 830 3380 exercitu
849 3317 978 3382 valente
1002 3319 1255 3385 Flandrensium

133 3434 168 3487 et
181 3420 345 3484 nobilium
362 3420 542 3487 multorum
558 3417 600 3482 de
616 3417 786 3497 Zelandia‚
802 3417 958 3498 liliorum,
973 3420 1112 3486 fratrum
1120 3444 1257 3513 ,-oogna

133 3536 245 3587 torum
277 3535 310 3586 et
329 3520 510 3586 amicorum
536 3517 702 3588 Wullardi
730 3520 862 3608 prelati,
892 3511 1024 3609 portum
1050 3525 1255 3614 Brugensem

136 3625 351 3714 enavigantes
365 3646 481 3689 versus
499 3621 688 3687 Zolandiam
707 3636 785 3686 sunt
804 3647 865 3711 pro
869 3623 945 3690 lecti
959 3625 1089 3692 decimo
1102 3627 1153 3690 vel
1170 3651 1258 3698 ιιοιιο

168 3859 190 3906 l.
209 3859 304 3915 Jeanl,
318 3866 403 3906 comte
413 3859 444 3906 de
458 3821 902 3932 Hollaude,1nourutallijnsburg,
914 3859 939 3906 le
952 3859 981 3906 10
994 3875 1054 3908 nov
1069 3860 1137 3909 1299.

168 3924 191 3969 2.
210 3922 245 3970 La
259 3896 435 3996 chioniquaur
448 3928 560 3970 commet
574 3922 611 3969 ci·
613 3922 707 3970 desaus
727 3938 776 3970 une
797 3937 896 3970 erreur.
922 3921 978 3970 Alix
996 3922 1029 3970 de
1051 3921 1179 3974 llollande
1195 3927 1260 3974 stati

135 3985 191 4033 fille
207 3982 239 4031 de
254 3984 403 4039 FlorentV,
418 3991 451 4038 ot,
467 3987 710 4046 consequemment,
724 3982 814 4047 petite
805 3984 868 4032 fille
881 3984 912 4032 de
924 3982 1073 4033 Gurllaume
1086 3985 1117 4043 11
1131 3993 1214 4035 comte
1226 3989 1259 4036 de

136 4046 267 4096 Bollande
279 4053 305 4093 et
314 4061 353 4093 ror
347 4046 388 4092 'd
390 4023 551 4109 llllemagne.

168 4112 190 4158 ³
210 4109 268 4156 uln
289 4119 373 4156 enuus
393 4125 414 4168 ιι,
437 4109 510 4170 leqon
528 4112 661 4182 proposes
680 4123 731 4172 par
752 4109 943 4173 Lappaubarg5
967 4109 1057 4160 lema
1085 4110 1208 4161 deGand
1233 4119 1258 4161 et

135 4173 195 4222 [dd.
218 4172 249 4218 de
269 4123 423 4235 flambourg
452 4177 538 4219 artent
551 4189 562 4218 ι
573 4171 743 4232 ingenitus».

168 4236 192 4283 4
212 4233 245 4281 Le
256 4251 305 4282 ms
322 4234 353 4282 da
366 4188 449 4283 Gand
455 4232 549 4283 ettad
564 4233 1001 4297 dellambourgportaa·inea»;
1017 4236 1131 4298 laleqon
1147 4237 1257 4300 adoptas

135 4313 188 4360 par
201 4296 375 4360 Lappenberg
388 4314 399 4343 a
403 4296 519 4360 ’intpose
