3178 5192
377 385 408 432 36
758 381 907 431 innatus
924 381 1118 432 GANDENSES
1433 383 1481 432 taor
1542 399 1543 402 ’

377 501 607 578 Curtracensi,
630 500 719 590 qnod
744 500 858 564 auditu
885 501 1034 565 mirabile
1056 515 1119 582 est,
1145 502 1200 566 vix
1224 515 1359 566 centum
1380 501 1479 578 occisi,

377 597 471 666 multi
488 597 642 668 tamenin
660 627 698 667 eo
715 616 793 667 suut
808 599 868 666 lesi
884 615 917 666 et
929 599 1105 667 vulnerati.
1124 605 1273 669 Instante
1289 603 1389 669 etiam
1406 603 1482 668 dicto

375 703 482 800 bello,
507 706 625 770 Petrus
651 707 720 770 Rex
755 717 865 769 textor
902 717 935 768 et
962 705 1057 771 multi
1079 704 1153 786 alii,
1183 707 1225 772 de
1252 705 1377 798 quibus
1402 705 1482 795 prius

374 830 491 894 parum
509 808 707 894 sperabatur
721 806 811 896 quod
826 808 871 872 ita
890 807 937 871 eis
953 808 1116 889 eveniret,
1137 808 1259 874 milites
1281 808 1360 876 sacti
1383 809 1481 874 suntt

375 907 439 972 Pro
461 907 710 998 militibus,an
729 909 769 974 de
791 895 899 974 castro
919 933 955 974 se
970 909 1193 992 tradiderunt,
1214 912 1320 1000 etqui
1339 923 1416 1000 post
1428 909 1484 974 bel-

373 1009 441 1075 lnm
457 1011 490 1075 in
512 1036 628 1100 campo
644 1011 732 1101 capti
750 1025 847 1090 sunt,
868 1009 962 1076 multi
980 1011 1038 1101 qui
1058 1037 1132 1079 cum
1154 1015 1277 1080 comite
1293 1014 1484 1079 tenebantur

375 1111 496 1178 milites
512 1111 546 1178 in
568 1113 774 1203 captivitate,
800 1115 1008 1196 commutati,
1035 1116 1069 1179 in
1091 1115 1282 1181 Flandriam
1303 1116 1392 1181 infra
1412 1113 1485 1179 dnos

372 1214 423 1279 vel
442 1228 510 1280 tres
529 1241 659 1281 menses
681 1229 758 1281 sunt
779 1215 916 1281 reversi.

417 1320 498 1382 Post
530 1317 654 1383 bellum
689 1317 910 1384 Curtracense
943 1319 1027 1384 insra
1062 1320 1278 1408 quindenam,
1304 1319 1483 1398 lohannes,

372 1445 483 1485 comes
504 1421 754 1500 Namnrcensis,
776 1419 1021 1512 primogenitus
1040 1411 1206 1488 Cnidonis
1226 1423 1359 1489 comitis
1383 1448 1423 1488 ex
1441 1447 1484 1485 se·

372 1522 480 1587 cunda
496 1548 609 1602 uxore,
632 1522 674 1588 de
696 1525 790 1612 cujus
809 1523 949 1588 consilio
970 1537 1003 1588 et
1023 1523 1183 1590 instinctu
1208 1521 1319 1591 omnia
1341 1523 1484 1615 predicta

371 1638 564 1713 perpetrata
582 1636 661 1690 sunt
679 1665 721 1675 —
742 1639 814 1690 erat
833 1627 921 1690 enim
945 1639 1073 1691 astutus
1090 1625 1185 1693 valde
1202 1667 1247 1677 —-
1262 1629 1303 1694 de
1323 1643 1415 1694 terra
1435 1650 1484 1691 sua

370 1727 461 1790 venit
486 1727 520 1790 in
543 1727 749 1802 Flandriam,
778 1741 810 1792 et
834 1752 851 1792 a
878 1726 1078 1820 Flamingis,
1106 1729 1180 1794 loco
1211 1730 1316 1820 patris
1338 1731 1409 1810 sui,
1431 1753 1484 1818 pro

371 1831 523 1919 principe
537 1843 695 1920 tanquam
711 1831 824 1896 senior
839 1829 927 1895 filins
943 1845 1099 1919 receptus
1111 1845 1171 1898 est.
1189 1834 1360 1899 lohannes
1375 1833 1482 1924 igitur,

371 1929 482 1998 Gnido
507 1946 540 1997 et
559 1930 773 2011 Wilhelmus,
798 1946 968 2022 assumpto
995 1958 1107 1998 secum
1131 1959 1252 2026 magno
1278 1935 1428 2000 exercitu
1448 1933 1484 1998 de

370 2034 457 2098 villis
477 2033 569 2099 etde
592 2033 771 2099 territoriis
790 2035 962 2102 Gaudensi
983 2049 1015 2100 et
1034 2037 1178 2124 Ypreusi
1198 2077 1241 2086 —
1259 2035 1484 2128 Brugensibus

371 2135 509 2216 relictis,
532 2160 571 2201 eo
595 2137 685 2227 quod
703 2136 737 2200 in
765 2136 942 2202 obsidione
967 2136 1065 2202 castri
1092 2139 1324 2205 Curtracensis
1347 2153 1381 2205 et
1402 2137 1484 2203 bello

370 2240 509 2304 multum
535 2238 781 2317 laboraverant,
801 2263 1003 2329 magnasque
1020 2241 1167 2306 fecerant
1182 2265 1359 2330 expensas,
1379 2257 1411 2307 et
1428 2239 1483 2306 alie

369 2337 458 2406 dicte
481 2339 558 2405 ville
585 2341 693 2406 adhuc
718 2342 813 2430 quasi
834 2341 918 2406 nihil
944 2367 1004 2431 pro
1030 2341 1150 2408 comite
1176 2345 1326 2410 fecerant
1343 2340 1389 2396 '—
1404 2345 1483 2409 circa

368 2443 468 2507 finem
484 2440 561 2509 Julii
579 2457 724 2508 castrum
744 2457 777 2508 et
795 2444 905 2508 villam
926 2443 1136 2510 insulensem
1157 2439 1377 2528 obsederunt,
1400 2443 1482 2511 sorti·

367 2556 420 2610 ter
437 2557 613 2634 utrumque
627 2559 873 2638 oppugnantes.
892 2551 928 2612 In
946 2572 1010 2636 qua
1029 2551 1281 2638 oppugnatione
1302 2563 1439 2616 strenue
1453 2571 1482 2612 se

368 2647 536 2713 habebant
560 2645 715 2726 Liliardi,
738 2647 794 2738 qui
819 2648 853 2713 in
879 2649 1035 2714 Flandria
1061 2665 1307 2731 remanserant;
1332 2651 1379 2718 ita
1401 2651 1481 2717 enim

367 2773 423 2814 eos
442 2750 630 2838 oportebat,
651 2749 677 2815 si
696 2751 836 2841 gratiam
858 2751 1048 2840 principum
1069 2754 1192 2818 habere
1211 2755 1347 2821 vellent.
1368 2749 1481 2821 Franci

367 2865 488 2931 autem,
505 2853 562 2942 qui
583 2866 678 2918 eraut
700 2853 733 2916 in
757 2867 878 2934 castro,
898 2867 932 2918 et
952 2857 1093 2943 majores
1114 2856 1325 2938 Insulenses,
1349 2857 1409 2950 qui
1426 2879 1481 2945 pro

367 2957 491 3043 majore
518 2967 611 3044 parte
638 2952 773 3022 Liliardi
806 2971 920 3033 erant,
955 2956 1074 3022 timore
1111 2959 1285 3039 concussi,
1316 2958 1421 3026 feroci
1453 2968 1482 3021 et

365 3057 481 3123 audaci
499 3057 624 3123 insultu
644 3058 803 3138 hostium,
822 3058 956 3146 quibuS,
978 3072 1013 3124 ut
1032 3060 1113 3125 certi
1136 3073 1242 3140 erant,
1265 3059 1481 3128 communitas

365 3159 548 3226 insulensis
571 3159 713 3240 favebat,
737 3159 779 3224 ad
799 3162 985 3226 Johnnnem
1006 3162 1143 3229 mittunt
1163 3165 1380 3245 mediatores,
1403 3162 1480 3230 offc-

365 3275 502 3342 rentes,
519 3276 664 3328 castrum
686 3273 718 3327 et
737 3259 848 3327 villam
866 3288 900 3327 se
923 3263 1007 3328 velle
1024 3263 1053 3330 ei
1069 3265 1213 3331 reddere
1229 3266 1318 3332 circa
1336 3267 1480 3332 medium

363 3365 518 3456 Augusti,
537 3365 563 3428 si
580 3375 656 3430 ante
678 3363 802 3429 dictum
817 3378 950 3453 tempus
967 3389 983 3429 a
1003 3390 1081 3457 rege
1102 3393 1169 3432 non
1185 3384 1326 3458 possent
1347 3391 1479 3436 succur-

363 3491 434 3532 sum
450 3479 483 3530 et
495 3465 651 3532 auxilium
668 3465 839 3546 obtinere;
856 3492 892 3532 ea
909 3468 1008 3531 etiam
1023 3469 1228 3553 conditione,
1246 3473 1336 3562 quod
1351 3495 1476 3541 omnes.

363 3567 420 3658 qui
444 3568 486 3634 de
511 3581 620 3634 castro
646 3582 678 3633 et
699 3567 775 3634 villa
800 3583 880 3634 tunc
907 3569 1054 3634 vellent²
1074 3573 1165 3638 exire
1185 3587 1218 3638 et
1243 3601 1278 3640 se
1304 3601 1377 3641 cum
1406 3597 1478 3663 rege

391 3859 414 3906 1.
432 3859 480 3907 Lau
493 3873 580 3906 armes
590 3858 622 3905 de
635 3859 661 3906 P.
677 3857 774 3906 Coninc
785 3860 871 3906 turant
882 3873 888 3909 :
903 3875 915 3907 a
926 3860 957 3909 de
968 3863 1063 3924 gueule
1074 3879 1089 3910 a
1098 3863 1124 3911 ln
1135 3865 1206 3912 croix
1218 3865 1275 3913 d'or
1288 3866 1475 3930 accompagne'c

361 3921 392 3968 de
405 3928 497 3985 quatre
512 3937 657 3970 cour-onnes
671 3924 686 3967 rt
699 3921 763 3968 trois
780 3923 1035 3972 fleuronsdemtme.
1052 3941 1063 3972 n
1078 3926 1121 3973 Cri
1136 3943 1141 3974 :
1161 3927 1301 3976 Vlaendrcn
1314 3929 1356 3977 die
1372 3935 1441 3978 acea.

391 3985 412 4032 2.
432 3986 469 4032 En
482 3989 522 4031 cet
531 3984 634 4031 endroit
646 3984 671 4029 le
683 3989 751 4030 texte
763 3990 803 4030 est
812 3999 967 4049 corrompn;
980 3988 1005 4034 le
1016 4003 1064 4034 ms.
1079 3989 1111 4036 de
1121 3989 1195 4038 Gand
1208 3997 1283 4054 porte
1295 4009 1306 4039 r
1318 3997 1474 4040 enstrotunc

359 4059 410 4094 non
423 4046 521 4094 vellent
532 4046 601 4093 exire
619 4062 631 4091 u
644 4052 670 4093 et
688 4046 747 4098 l'td.
769 4046 800 4093 de
818 4047 990 4112 Hambourg:
1006 4049 1096 4098 anilla
1110 4057 1172 4099 tnnc
1192 4053 1293 4102 nollent
1312 4055 1390 4103 exire.
1411 4069 1423 4099 n
1442 4051 1474 4098 La

357 4109 431 4170 lepon
449 4108 582 4156 ci-desnus
599 4115 639 4156 est
654 4108 763 4172 adoptte
786 4124 834 4171 par
855 4109 891 4157 De
913 4112 985 4158 Smet
1003 4118 1029 4160 et
1046 4114 1234 4179 Lappenberg;
1253 4123 1318 4165 cette
1343 4118 1416 4179 locon
1438 4118 1474 4162 est

358 4171 493 4220 d'ailleurs
504 4172 644 4219 confirmes
657 4171 732 4218 d'une
749 4171 865 4222 mamere
880 4174 983 4235 precisa
995 4189 1045 4237 par
1053 4176 1078 4222 le
1091 4179 1158 4223 texte
1171 4177 1206 4224 du
1224 4179 1301 4227 truite
1311 4179 1361 4227 cite
1373 4180 1437 4226 dans
1450 4177 1473 4222 la

358 4240 418 4282 note
432 4234 562 4283 suivante.
