3154 5190
125 400 186 469 laci
502 411 653 468 annates
671 403 865 467 cannenses
1212 409 1242 465 aa

126 535 226 602 citum
249 535 423 622 existente)
442 516 484 600 de
505 534 559 622 die
584 534 618 599 in
642 535 733 624 diem¹
755 533 913 622 paulatim
932 556 1007 597 cum
1031 531 1118 598 lluxu
1142 535 1242 626 maris

126 637 222 711 classi
240 637 406 703 Guidcnis
429 637 734 726 appropinquabat,
754 635 818 725 ipsi
835 649 957 712 tamen,
977 635 1004 699 si
1026 659 1060 700 se
1077 637 1110 700 in
1132 623 1242 726 quiete

108 741 300 819 tenuisset,
319 764 439 805 nocere
455 762 521 804 non
543 752 686 828 poterat.
710 737 809 826 Quod
825 737 952 816 Cnido,
978 737 1072 802 miles
1089 753 1244 804 strenuus

125 855 157 906 et
172 841 281 932 agilis,
300 841 469 914 animosus
489 854 522 906 et
541 839 691 930 juvenis,
714 838 852 930 indigne
875 839 999 918 lerens,
1025 840 1143 904 relicto
1164 864 1243 904 con·

125 943 200 1009 silio
210 943 322 1008 fratris
336 943 387 1008 sui
399 956 433 1009 et
445 941 607 1008 lobannis
621 941 661 1006 de
674 943 814 1007 Renisse
826 940 1034 1030 aliorumque
1048 943 1242 1030 peritorum,

125 1046 290 1134 nimisque
315 1047 356 1111 de
385 1047 498 1110 lavore
524 1045 658 1110 fortune
687 1041 872 1122 confidens,
906 1043 1082 1109 consilium
1112 1057 1244 1110 secutus

125 1148 310 1236 aliquorum
325 1149 434 1212 minus
451 1148 492 1212 de
508 1148 626 1236 peritia
645 1147 763 1212 bellica
781 1147 989 1226 habentium,
1007 1144 1147 1236 quadarn
1166 1148 1245 1214 seria

125 1251 282 1328 secunda,
301 1250 335 1314 in
350 1253 435 1340 l'esto
451 1248 725 1315 beati'Laurentii
737 1250 759 1327 ¹,
776 1249 862 1314 cirea
881 1251 996 1314 horam
1017 1274 1243 1339 vesperarum,

125 1353 309 1441 incipiente
347 1353 475 1437 marino
510 1351 655 1430 refluxu,
696 1352 851 1416 ordinato
879 1352 1065 1418 sufficiente
1099 1353 1245 1419 exercitu

125 1457 277 1545 peditum
306 1457 347 1519 ab
374 1454 586 1520 obsidionem
621 1454 697 1518 ville
728 1455 893 1542 predicte,
923 1454 996 1542 ipse
1024 1479 1098 1520 cum
1127 1482 1246 1547 magno

126 1558 300 1636 comitatu,
314 1549 456 1623 ¹navibus
473 1557 603 1648 magnis
616 1556 806 1622 incastratis
821 1557 1093 1645 precedentibus,
1112 1557 1247 1624 insimul

126 1685 199 1726 cum
218 1660 354 1725 funibus
375 1659 511 1723 marinis
532 1659 675 1724 sortibus
697 1657 879 1745 colligatis,
904 1660 1152 1748 urgebat'enim
1171 1687 1246 1728 eum

126 1763 265 1840 bellum,
294 1759 408 1825 hostes
430 1760 561 1824 invasit.
594 1761 724 1842 Quibus
756 1760 878 1826 acriter
911 1762 1145 1827 resistentibus
1173 1788 1246 1829 cum

127 1865 228 1929 multa
255 1861 452 1927 fortitudine
472 1875 506 1927 et
526 1877 609 1942 arte,
634 1887 673 1926 ex
692 1877 834 1951 utraque
857 1874 952 1951 parte
975 1888 1081 1953 usquc
1106 1865 1147 1930 ad
1169 1891 1248 1932 noe·

123 1980 240 2031 turcas
257 1967 415 2030 tenebras
434 1978 618 2055 pugnatum
640 1979 708 2045 est,
732 1965 939 2034 multis-hinc
965 1964 1053 2030 inde
1066 1968 1248 2034 vulneratis

125 2082 158 2134 et
171 2067 304 2134 occisis.
323 2069 446 2132 Neutra
466 2079 576 2132 tamen
595 2092 671 2156 pars
686 2069 858 2134 victoriam
880 2067 1037 2149 obtinuit,
1061 2071 1119 2134 sed
1137 2071 1248 2138 Guido

125 2185 157 2235 et
178 2165 428 2236 'Flandrenses'
446 2170 594 2258 potiores
622 2169 835 2251 videbantur,
861 2184 976 2261 utpote
1005 2169 1068 2260 qui
1094 2173 1248 2239 hostibus

124 2284 268 2361 quatuor
286 2271 385 2336 naves
406 2294 544 2362 magnas
560 2296 634 2356 cuin
657 2271 775 2337 castris
791 2274 824 2337 in
844 2272 934 2339 dicta
953 2297 1066 2364 pugna
1086 2275 1249 2340 violenter

125 2373 348 2452 abstulerunt,
364 2372 532 2452 omnibuS,
553 2374 661 2462 quiin
680 2375 728 2438 eis
751 2388 858 2454 erant,
877 2373 1031 2465 effugatis
1047 2377 1097 2441 vel
1113 2377 1246 2446 occisis.

125 2479 196 2541 Nox
216 2477 328 2564 itaque
348 2476 472 2541 bellum
498 2475 646 2554 diremit,
677 2493 976 2568 remanseruntque
1004 2503 1102 2544 naves
1129 2481 1249 2545 utrius·

126 2603 190 2666 que
211 2578 378 2643 exereitus
395 2581 548 2666 jacentes
564 2579 669 2643 divise
690 2579 932 2668 aliquantulum
953 2581 986 2645 iu
1009 2583 1136 2646 marino
1151 2607 1247 2661 ceno,

125 2703 210 2768 aqua
228 2704 290 2768 per
308 2677 469 2744 refluxum
486 2679 527 2744 ad
544 2679 703 2744 interiora
722 2680 821 2745 maris
842 2683 1026 2762 abstracta,
1049 2697 1083 2748 et
1101 2685 1250 2749 exercitu

127 2795 270 2870 utroque
298 2780 540 2869 aliquantulum
565 2781 760 2871 quiescente
780 2797 813 2848 et
838 2785 907 2848 suis
930 2785 1113 2851 vulneratis
1138 2812 1248 2852 curam

127 2883 322 2949 adhibente.
344 2883 437 2972 Aqua
459 2896 569 2949 autem
589 2882 674 2950 circa
695 2909 846 2950 auroram
862 2911 922 2975 per
941 2886 1064 2953 lluxum
1088 2891 1251 2954 marinum

127 2986 289 3052 redeunte
306 2997 338 3052 et
353 2983 457 3051 'naves
473 2986 515 3051 de
532 3011 615 3052 ceno
630 2988 681 3052 vel
701 2987 782 3052 limo
800 2987 929 3054 marino
948 2991 1162 3072 sublimante,
1184 2993 1251 3058 die·

127 3113 192 3177 que
212 3089 356 3154 crastina
385 3088 575 3168 illusceute,
605 3101 639 3153 et
662 3101 804 3179 utroque
824 3091 972 3157 exercitu
993 3117 1028 3157 se
1050 3093 1251 3183 disponente

125 3191 168 3255 ad
186 3189 333 3255 bellum:
352 3214 430 3256 ecce
445 3205 674 3281 apparuerunt
691 3215 791 3257 naves
806 3217 926 3284 magne
940 3194 1118 3276 Gnidonis,
1135 3222 1251 3262 omnes

128 3293 245 3370 divise,
259 3294 320 3358 hac
332 3293 476 3382 illacque
490 3307 661 3384 vagantes,
679 3293 827 3376 funibus,
839 3296 963 3385 quibus
975 3298 1129 3390 colligate
1142 3314 1248 3379 erant,

129 3395 327 3482 proditiose,
349 3397 498 3461 nescitur
523 3420 540 3461 a
564 3395 701 3484 quibus,
720 3397 872 3487 precisis.
895 3401 999 3465 Naves
1015 3415 1123 3466 autem
1146 3403 1251 3468 admi-

128 3497 213 3562 raldi
237 3509 270 3561 et
295 3497 592 3577 Hollandensium,
616 3511 731 3586 utpote
754 3500 881 3566 catenis
903 3499 1019 3568 ferreis
1036 3504 1248 3595 conglobata,

129 3613 357 3688 apparuerunt
377 3603 568 3689 conjuncte.
591 3603 661 3666 Hoc
680 3602 833 3666 videntes
853 3604 1088 3682 Zelandenses‚
1107 3609 1164 3695 qui
1185 3633 1251 3673 non

129 3714 228 3766 erant
240 3702 281 3766 de
303 3703 503 3793 cognatione
518 3703 686 3771 Wulsardi
709 3717 742 3768 et
762 3705 924 3771 Florentii
941 3707 983 3772 de
1001 3710 1150 3774 Borsalia
1174 3736 1251 3800 pre·

128 3803 295 3869 dictorum
316 3804 460 3892 quicum
479 3805 634 3870 (luidone
652 3805 756 3896 magis
774 3821 869 3872 erant
883 3808 1004 3874 timore
1022 3835 1120 3900 quam
1141 3837 1252 3879 amore

129 3905 331 3994 -quibus,
351 3907 467 3972 saltem
492 3907 661 3994 aliquibus
687 3908 851 3997 ipsorum,
879 3912 1074 4000 imponitur,
1102 3915 1191 4001 quod
1211 3917 1252 3981 de

131 4021 229 4073 nocte
244 4008 338 4072 funes
356 4009 485 4074 navium
499 4033 692 4098 magnarum
710 4011 876 4077 Gnidonis
892 4014 1035 4079 latenter
1050 4015 1249 4096 inciderant,

165 4270 186 4318 r.
206 4271 275 4331 raca,
290 4273 319 4318 ro
332 4274 402 4322 nont.
