3178 5192
106 443 166 506 tara
483 437 632 504 inultus
650 435 846 504 cannensis
1197 437 1226 504 it

151 575 211 640 Die
228 573 394 638 crastina¹
415 583 492 661 post
507 565 631 636 bellum
649 573 850 660 predictum,
870 569 1043 636 audientes
1062 597 1156 638 mane
1170 573 1226 661 ali-

106 676 161 766 qui
182 677 223 741 de
244 675 482 741 communitate
498 673 684 754 Gaudensi‚
704 673 900 739 favorabiles
921 657 1067 740 Guidoni
1089 689 1122 739 et
1140 675 1227 766 Wil-

106 769 230 859 helino,
244 780 294 843 ,de
315 779 389 867 ipso
410 776 500 842 bello
517 801 690 860 rumores,
710 776 878 842 elevantes
899 775 1016 872 vexilla
1037 802 1151 842 eorum
1169 803 1228 868 per

105 881 215 946 villam
232 880 479 957 discurrebant,
498 879 677 968 statimque
690 891 759 944 tota
774 877 864 957 villa,'
883 877 1022 943 attonita
1039 879 1079 943 de
1096 871 1229 953 rumore

106 995 291 1060 crescente,
310 981 405 1072 signa
420 980 539 1046 bellica
559 981 725 1046 Guidonis
752 993 786 1045 et
808 980 982 1050 Wilhelmi
1012 983 1226 1071 sequebatur,

106 1082 213 1176 siguis
237 1082 328 1174 regis
350 1082 385 1147 in
419 1096 541 1148 terram
570 1081 723 1170 dejectis.
747 1081 860 1171 Aliqui
885 1081 926 1147 de
952 1079 1107 1148 Liliardis
1127 1082 1229 1175 occisi

106 1200 196 1265 suut,
223 1199 258 1251 et
284 1183 387 1276 aliqui
418 1183 518 1274 capti,
550 1183 646 1249 multi
673 1185 714 1249 de
741 1183 819 1248 villa
844 1183 1014 1274 effugarit.
1047 1185 1231 1276 Elegerunt

106 1303 216 1354 autem
246 1313 374 1366 omues,
408 1289 464 1376 qui
492 1287 525 1350 in
554 1287 631 1351 villa
661 1299 767 1366 erant,
793 1301 861 1351 tam
885 1287 1105 1357 communitas
1132 1313 1230 1379 quam

106 1389 257 1468 Liliardi,
276 1391 333 1480 qui
349 1391 468 1454 timore
480 1387 520 1453 ad
537 1389 697 1453 heredem
710 1389 840 1454 comitis
857 1385 935 1454 sunt
946 1375 1110 1469 conversi,¹
1132 1415 1230 1480 quos·

107 1493 181 1558 dam
201 1491 243 1557 de
259 1489 586 1570 suis,'mediantibus
600 1489 721 1580 quibus
739 1489 888 1556 Guidoni
902 1491 1013 1556 villam
1030 1477 1228 1572 offerebant,

107 1619 206 1685 quam
228 1591 285 1658 ille
301 1595 471 1686 gratanter
495 1591 642 1682 suscepit
653 1594 676 1656 3.
703 1592 766 1658 Die
791 1595 901 1658 autem
919 1592 1041 1660 tertiat
1055 1588 1140 1684 ¹post
1159 1595 1230 1660 bel-

106 1697 188 1775 lum,
206 1709 350 1764 castrum
372 1697 610 1773 Curtracense,
629 1693 864 1760 deficientibus
880 1695 1080 1788 victualibus
1096 1685 1150 1778 iis,
1173 1687 1230 1791 qui

108 1799 140 1862 in
164 1823 207 1892 ⁶⁰.
228 1813 338 1878 eraut,
370 1811 403 1863 et
430 1797 589 1862 auxilium
610 1822 626 1861 a
651 1822 729 1888 rege
751 1797 816 1862 sibi
835 1797 1026 1863 adfuturum
1051 1798 1133 1889 ipsis
1163 1825 1231 1866 nou

107 1899 333 1992 sperantibus,
365 1898 513 1966 Guidoni
546 1901 608 1964 hac
632 1899 826 1964 conditione
855 1899 1022 1966 redditum
1042 1915 1108 1983 est,
1140 1889 1231 2000 quod

107 2003 310 2070 castellanus
339 2001 550 2080 Leudiensis‚
583 2003 642 2092 qui
667 2001 700 2065 in
731 2027 770 2067 eo
794 2001 987 2091 capitaneus
1011 2019 1094 2084 erat,
1117 1997 1231 2073 etalii

108 2107 240 2182 nobiles
259 2132 333 2172 cum
351 2131 390 2170 eo
417 2117 630 2170 remanerent
646 2103 751 2194 capti3
774 2105 979 2195 vulgaribus,
998 2106 1056 2196 qui
1082 2093 1181 2173 etiam
1197 2108 1232 2173 in

108 2235 146 2276 eo
170 2209 313 2289 fuerant,
336 2234 410 2273 cum
430 2206 639 2272 vestimentis
665 2219 698 2270 et
722 2203 823 2271 armis
846 2204 951 2272 libere
976 2207 1133 2290 incedere
1154 2198 1233 2300 pei-

111 2309 258 2377 missist.
866 2395 868 2400 ,

153 2417 204 2479 De
229 2411 509 2494 Flandreusibus,
530 2411 564 2476 in
585 2411 836 2502 oppugnatione
856 2411 957 2477 castri
975 2413 1179 2481 Casletensis
1202 2429 1235 2484 et

110 2515 366 2595 Curtracencis,
394 2515 489 2578 multi
514 2512 678 2579 vulnerati
707 2527 784 2578 sunt
805 2527 837 2578 et
854 2513 958 2605 aliqui
976 2513 1115 2598 mortui,
1137 2500 1232 2611 quia}

110 2617 218 2710 quiin
238 2620 285 2685 eis
306 2631 413 2732 erqnt,
435 2616 627 2682 virilissime
646 2642 681 2681 se
702 2616 999 2718 del'enderunt31u
1019 2621 1107 2686 bello
1125 2616 1234 2728 autem

141 2885 162 2932 1.
185 2883 219 2932 Le
229 2882 258 2930 12
269 2879 356 2944 juillet
368 2881 438 2928 1302.
1044 2923 1058 2930 ,.

141 2949 165 2994 2.
185 2943 399 2995 abelendemain
412 2943 443 2989 de
456 2943 482 2989 la
495 2941 614 2998 victoire‚
629 2947 709 2988 avant
722 2941 746 2988 le
760 2941 822 2998 seir,
836 2942 860 2988 le
874 2942 995 2992 Liebuert
1008 2944 1042 3008 (le
1054 2945 1117 3002 lion,
1133 2942 1237 3010 leporii

111 3007 145 3056 dn
157 3007 260 3070 Gomte)
273 3012 349 3054 santa
359 3006 422 3052 hors
435 3005 468 3052 de
480 3021 510 3052 sa
522 3019 587 3067 enge
599 3010 626 3052 et
639 3003 738 3066 rumpit
751 3009 837 3052 tontes
850 3005 889 3052 les
903 3011 1034 3062 enimes,
1048 3011 1063 3054 a
1076 3007 1160 3067 Gand,
1174 3005 1237 3058 avec

130 3070 198 3120 raud
212 3071 307 3118 tracas.
321 3067 420 3116 lemeis
434 3084 467 3116 on
480 3084 511 3119 ne
525 3068 563 3117 vit
576 3067 687 3130 pareille
703 3067 805 3124 chasse,
824 3069 859 3114 tel
869 3084 1000 3130 vocarme,
1015 3071 1237 3128 tellessonneriee

111 3089 143 3180 de
163 3129 274 3180 cleiron.
288 3131 336 3178 Les
350 3133 429 3178 sseurs
443 3130 474 3176 de
496 3131 529 3177 lis
544 3131 631 3176 iurent
645 3129 743 3176 foulees
759 3145 810 3175 eux
822 3130 898 3194 pieds
911 3137 935 3178 et
950 3131 1002 3178 l’on
1017 3132 1065 3179 mit
1076 3133 1100 3179 le
1115 3133 1169 3179 lion
1185 3135 1238 3181 ala

130 3197 187 3244 lace
202 3193 311 3257 qu'ellee
330 3193 436 3242 avaient
457 3195 578 3256 occupee.
597 3193 645 3242 Les
668 3192 794 3238 li‘aboerts
813 3193 944 3255 reprirent
960 3195 1028 3242 douc
1047 3195 1071 3242 le
1091 3195 1185 3244 deseos
1203 3197 1239 3244 du

112 3214 183 3306 ilerd
196 3273 231 3304 au
244 3256 308 3314 Sud,
325 3256 371 3303 nul
384 3255 479 3302 n'osuit
492 3256 550 3302 leur
564 3255 673 3302 resister
686 3257 701 3300 a
712 3269 790 3300 cause
805 3254 841 3301 du
853 3257 958 3305 combat
975 3258 1019 3320 qui
1034 3259 1122 3305 venuit
1138 3258 1239 3306 d'avoir

112 3322 173 3368 lieu.
186 3319 334 3373 »Velthem‚
346 3321 364 3365 S
382 3317 448 3383 iege!
455 3317 600 3373 historiam,
610 3316 656 3364 liv.
666 3317 708 3373 iv,
721 3316 798 3379 chap.
807 3317 847 3374 ti,
856 3335 882 3390 p.
897 3319 989 3367 265-66
1002 3321 1033 3367 de
1043 3319 1102 3368 led.
1112 3322 1148 3368 Le
1156 3322 1238 3384 Loug.

143 3384 180 3430 La
192 3381 302 3430 victoire
313 3381 344 3428 de
368 3380 487 3438 'ourtrai,
501 3382 648 3442 remporte'e
662 3395 724 3426 sous
740 3379 766 3428 la
776 3378 904 3436 directior]
914 3381 960 3429 des
972 3383 1108 3444 Brugeois,
1120 3381 1240 3435 assurab

114 3461 156 3492 ces
169 3443 297 3502 der-nicee,
311 3441 378 3506 pou'r
393 3443 506 3524 quelque
520 3449 616 3504 temps,
629 3441 656 3488 la
671 3439 835 3488 deminution
848 3441 879 3490 de
889 3443 915 3490 la
928 3444 1054 3492 Flandre:
1069 3463 1080 3492 u
1093 3446 1240 3510 Eodemque

114 3523 181 3556 anuo
192 3508 343 3569 Brugeuses
363 3511 444 3552 totius
455 3503 577 3555 Mandris
590 3503 735 3552 dominium
749 3503 899 3552 habueruut
912 3507 953 3553 vel
968 3507 1141 3570 burgensium
1156 3511 1240 3556 hona-⁴

116 3586 174 3617 rum
194 3569 320 3616 villarum
337 3567 482 3615 amicitiam
503 3568 558 3616 sive
574 3567 657 3614 fedus.
674 3585 688 3608 υ
703 3567 728 3615 J.
739 3568 771 3632 de
785 3567 922 3626 S.-Victor‚
936 3569 976 3616 ed.
990 3573 1019 3617 D.
1036 3574 1159 3634 Bouquet,
1176 3573 1239 3628 xxi,

145 3669 1241 3756 ammmmmmmmmmmfflmmmmmmm

115 3755 160 3803 des
171 3756 290 3804 Gantois.
304 3755 405 3802 Jamais
418 3771 451 3801 on
468 3769 500 3800 ne
514 3754 551 3801 vit
562 3754 672 3817 parcille
691 3756 751 3801 tete.
765 3755 786 3801 ll
801 3754 961 3802 iutde'fendu
971 3755 1003 3803 de
1016 3757 1094 3804 tisser
1106 3764 1131 3805 et
1163 3761 1242 3806 sicu*

115 3819 162 3866 ler.
174 3819 222 3865 Les
235 3817 414 3865 ordonnances
428 3819 513 3864 iurent
525 3815 636 3864 rendues
652 3833 685 3864 au
698 3833 759 3863 nom
772 3815 804 3864 de
818 3816 882 3864 Dieu
892 3824 916 3864 et
927 3816 962 3864 du
975 3825 1058 3866 comte
1068 3819 1100 3867 de
1113 3821 1234 3868 Flandre.

116 3881 155 3928 On
170 3879 305 3944 opportuit
322 3880 360 3928 les
377 3895 465 3927 armes
480 3895 543 3926 avec
559 3879 700 3942 lesquelles
717 3895 750 3926 on
769 3879 842 3926 avait
857 3884 943 3943 gagne
959 3881 986 3928 la
998 3881 1106 3929 bataille
1119 3896 1186 3944 pour
1196 3884 1233 3930 les

118 3949 235 3990 monti-er
253 3959 305 3992 aux
321 3957 517 4004 compagnons,
532 3958 599 4004 pour
614 3948 733 3990 montrer
743 3949 875 3990 comment
887 3959 920 3989 un
939 3943 1010 3991 avait
1023 3948 1119 4007 expose'
1139 3963 1169 3993 sa
1191 3945 1231 3993 vie

118 4011 248 4056 comment
267 4021 353 4052 armes
373 4011 398 4051 et
417 4019 536 4052 armures
549 4004 647 4052 etaient
664 4004 770 4052 tache'es
787 4005 819 4052 de
836 4019 912 4066 sung,
928 4006 1036 4053 iendues
1052 4013 1078 4054 et
1093 4011 1205 4056 trouees.
1220 4026 1232 4055 u

119 4065 519 4178 vilthfinisiiwdlinw'iaal'
530 4066 575 4114 liv.
588 4067 631 4122 1v,
645 4067 723 4130 chop.
736 4069 823 4122 42-13,
836 4084 864 4130 p.
879 4069 924 4114 267
937 4067 968 4114 de
981 4069 1040 4116 lad:
1055 4071 1089 4117 Le
1102 4071 1183 4134 Long.

168 4166 173 4176 .
223 4133 238 4176 0
257 4166 262 4187 ,
332 4129 358 4176 ui
383 4135 417 4176 et.

147 4195 171 4239 5.
189 4191 274 4240 L’acte
286 4145 355 4240 dela
365 4190 495 4238 redditiou
508 4190 544 4236 du
556 4191 667 4238 chateau
679 4191 711 4237 de
724 4191 846 4238 Courtrai
857 4207 906 4252 par
917 4191 944 4239 la
959 4193 1084 4254 garnison
1100 4195 1241 4254 franpaise,

119 4269 150 4300 en
163 4253 223 4302 date
235 4253 270 4301 du
280 4254 310 4300 13
318 4253 486 4316 juilleeraoa,
499 4255 562 4299 aete'
590 4251 661 4300 ublie
674 4269 722 4316 par
736 4253 843 4315 (turbet,
855 4250 921 4301 dani
934 4256 971 4302 les
983 4255 1051 4303 uult.
1065 4257 1096 4304 de
1110 4257 1136 4304 Ia
1149 4259 1244 4308 Comm.

119 4331 177 4378 roy.
192 4314 324 4363 d‘lu'stor're
334 4318 365 4363 de
377 4315 509 4380 Belgiquc,
522 4321 541 4361 t.
555 4269 589 4375 ll),
603 4317 627 4361 2·
639 4315 714 4364 serie.
729 4333 755 4378 p.
768 4317 818 4370 16„
