3178 5192
606 437 857 488 INTRODUCTION
1249 455 1287 488 vn

165 586 182 627 u
211 558 269 629 hae
292 555 509 653 majusculae
528 557 719 655 insignitae
731 571 895 628 exstant.
915 561 928 628 Ι
935 583 955 627 n
972 559 1144 655 margine
1154 558 1287 655 praeoi·

166 711 182 752 u
213 707 372 780 puerum
393 707 519 754 rerum
541 707 701 765 summa,
724 680 840 752 rubro
864 681 1007 766 colore,
1036 708 1105 754 suo
1124 709 1287 781 quaeque

168 838 184 878 r
214 807 299 880 loco
329 807 522 906 adscripta
557 808 758 903 reperitur,
786 820 828 879 ut
860 807 1011 879 Bellum
1044 809 1091 880 dc
1125 809 1285 893 Famis·

166 962 182 1003 u
212 933 402 1006 Adventus
418 934 517 1032 regis
529 947 568 1004 et
580 958 665 1030 quae
681 946 770 1004 sunt
786 932 858 1004 alia
876 933 1077 1030 ejusmodi.
1094 932 1286 1006 Foliorum

166 1086 184 1127 u
212 1057 396 1156 quadrata
413 1057 532 1130 forma
551 1082 628 1129 non
643 1057 684 1126 in
703 1056 882 1130 omnibus
902 1056 1016 1156 plane
1038 1061 1186 1154 integra
1206 1083 1287 1130 ser-

166 1212 183 1254 «
212 1198 297 1255 vata
327 1198 405 1268 est;
438 1181 542 1282 quod
577 1184 710 1254 vitium
738 1207 758 1253 a
789 1184 943 1280 propria
981 1183 1284 1254 membranarum

166 1337 182 1378 u
212 1305 331 1381 forma
350 1321 476 1381 ortum
492 1332 578 1380 esse
597 1305 748 1378 videtur
762 1321 799 1380 et
813 1307 914 1379 haud
933 1333 1017 1379 raro
1034 1309 1072 1378 in
1087 1307 1286 1380 codicibus

165 1464 181 1502 a
212 1435 483 1532 manuscriptis
514 1419 714 1530 reperitur.
747 1435 886 1506 Verum
920 1433 1071 1529 majoris
1106 1436 1287 1506 momenti

166 1587 183 1628 (ι
211 1560 344 1631 vitium
363 1556 581 1656 hujusmodi
604 1556 674 1629 soli
697 1556 972 1631 decimosexto
994 1557 1084 1630 folio
1103 1556 1284 1644 adhaeret‚

167 1711 183 1752 u
214 1682 278 1754 ubi
295 1685 374 1754 sive
391 1681 603 1754 scindendo
625 1683 704 1754 sive
725 1682 799 1754 alio
820 1682 986 1780 quodam
1005 1707 1096 1755 casu
1118 1682 1286 1755 foramen
1323 1725 1327 1731 ·

168 1837 185 1878 (ι
213 1822 337 1880 ortum
349 1822 421 1892 est,
435 1833 511 1906 quo
525 1809 718 1904 utrimque
730 1809 767 1878 in
779 1822 943 1906 quatuor
953 1807 1128 1880 versibus
1142 1807 1287 1906 aliquot

166 1962 182 2003 a
211 1933 326 2005 verba
348 1931 473 2006 deleta
496 1946 594 2004 sunt.
622 1934 811 2031 Spatium,
836 1959 912 2031 quo
938 1935 976 2004 in
999 1933 1161 2029 singolis
1186 1932 1286 2005 foliis

166 2088 183 2127 u
213 2057 349 2130 litterae
370 2059 629 2142 continentur,
652 2056 764 2129 lineis
785 2059 1117 2155 circumscriptum
1145 2085 1164 2129 a
1187 2083 1286 2129 mar·

165 2213 182 2252 u
211 2185 300 2282 gine
315 2198 526 2282 separatur,
542 2184 641 2256 sicut
652 2196 690 2254 et
703 2183 948 2254 interversus
963 2182 1136 2282 sin-gulos
1149 2182 1283 2267 lineae,

166 2337 183 2376 u
213 2307 416 2380 scribentis
432 2309 514 2379 usui
534 2306 953 2391 accommodatas,esse
968 2306 1152 2378 ductaset
1163 2333 1208 2379 ex
1222 2310 1283 2390 iis,

168 2461 184 2502 ι(
214 2459 297 2532 qnae
318 2433 365 2505 de
388 2433 448 2504 his
473 2434 615 2530 passim
640 2430 763 2503 adhuc
785 2446 943 2513 restant,
967 2448 1005 2505 et
1029 2458 1074 2504 ex
1101 2458 1160 2517 ec,
1184 2433 1285 2531 quod

167 2587 183 2628 α
212 2584 344 2630 versus
368 2559 503 2656 spatiis
524 2558 721 2655 aptissime
742 2571 780 2629 et
803 2556 914 2654 plane
936 2559 1035 2630 inter
1056 2583 1097 2630 sc
1120 2583 1285 2656 congru—

166 2711 183 2753 «
212 2683 366 2756 entibus
395 2682 552 2766 distant,
585 2694 755 2780 apparet.
788 2682 1020 2753 Litterarum
1044 2687 1175 2778 l'ormu
1205 2707 1285 2756 aevo

167 2839 182 2878 a
213 2811 413 2907 scriptoris
445 2807 670 2906 respondet,
701 2805 801 2905 quod
837 2807 1093 2904 perspiciendi
1129 2811 1164 2878 in
1195 2807 1285 2880 folio

166 2963 182 3004 u
212 2936 323 3032 copia
343 2933 441 3005 facta
462 2947 533 3006 est.
560 2933 795 3028 compendia·
813 2933 905 3004 satis
925 2932 1042 3004 multa
1063 2949 1282 3017 occurrunt,

166 3087 183 3127 u
212 3057 260 3130 de
276 3057 414 3156 quibus
429 3056 602 3154 pluribus
616 3055 677 3128 hic
694 3081 809 3155 agere
824 3056 981 3152 longum
997 3057 1112 3141 foret;
1130 3056 1198 3132 sed
1212 3058 1284 3132 hoc

167 3212 183 3254 u
214 3209 329 3256 unum
342 3197 471 3254 tamen
489 3180 895 3265 monendum'videtur‚
907 3207 1038 3279 parum
1057 3185 1288 3280 scriptorem

167 3337 183 3376 u
213 3311 251 3380 in
270 3309 342 3380 hoc
363 3332 504 3406 genere
521 3307 594 3379 sibi
614 3309 837 3379 constitisse
852 3308 876 3376 ¹.
900 3334 916 3376 r

213 3438 263 3506 La
302 3434 539 3533 description
570 3433 620 3505 du
652 3435 861 3506 manuscrit
902 3459 976 3532 que
1017 3436 1284 3505 Hartmann.a

163 3562 342 3632 transcrit
360 3559 551 3632 concorde
572 3585 637 3632 sur
654 3586 701 3631 un
722 3561 830 3657 point
851 3584 941 3630 aveo
964 3584 1007 3630 ce
1031 3583 1104 3657 que
1125 3555 1285 3630 l'auteur

164 3685 232 3758 des
250 3684 419 3758 Annales
445 3684 501 3756 dit
523 3684 570 3756 de
598 3709 667 3756 son
693 3709 834 3782 propre
854 3686 948 3756 e'crit
973 3711 980 3754 :
1004 3709 1100 3755 nous
1123 3683 1283 3754 voulons

94 3824 96 3830 '
166 3809 291 3909 parler
305 3809 354 3882 du
372 3835 446 3908 peu
465 3809 513 3881 de
533 3808 663 3882 valeur
682 3808 750 3881 des
772 3834 974 3880 morceaux
995 3807 1042 3880 de
1064 3808 1281 3906 parchemin
1326 3791 1328 3798 ⁵

165 3961 239 4034 que
262 3935 412 4008 celui-ci
439 3936 538 4006 avait
560 3936 687 4006 tennis
710 3934 758 4005 de
781 3934 905 4005 droite
929 3943 967 4005 et
986 3932 1034 4005 de
1053 3932 1201 4031 ganche
1222 3946 1281 4016 et,

165 4055 311 4128 d‘autre
330 4070 433 4154 part,
457 4053 656 4152 decoque
679 4057 885 4127 Hartmann
909 4067 1088 4152 rapporte
1110 4051 1156 4124 de
1182 4051 1284 4123 i'ine'-

203 4291 227 4346 1.
249 4273 366 4343 Edition
381 4289 416 4341 de
432 4288 598 4350 Buttmann,
613 4307 641 4359 p.
656 4289 714 4342 0-1.
