3154 5190
114 416 175 463 1301
491 413 640 464 innatus
658 411 851 464 Gaunnnsus
1198 417 1231 462 65

156 535 228 598 Νο11
257 531 360 596 11111110
394 545 469 620 post
497 531 714 596 infortunium
750 530 916 596 Gnidonis
949 543 1113 620 tempore,
1150 529 1229 596 dum

113 635 295 700 lohannem
315 634 355 698 de
371 635 512 698 Renisse
527 647 618 698 extra
636 635 823 721 Trajeetum
841 633 1051 712 existentem,
1073 656 1139 698 non
1156 657 1230 697 curn

113 737 253 802 maxima
277 735 531 802 concomitativa
558 749 777 814 armatorum,
807 735 942 824 quidam
973 734 1089 800 miles1
1120 735 1231 800 favens

113 831 305 918 Willrelmo,
326 839 395 904 lilio
413 838 544 906 comitis
563 838 740 917 lobannis,
762 863 836 904 cum
856 837 960 902 multo
983 837 1101 924 majori
1126 836 1230 902 comi·

113 940 210 1006 tativa
225 955 349 1006 armata
365 942 616 1030 insequeretur;
637 939 727 1005 dicto
751 942 900 1006 Johanne
918 964 1032 1006 navem
1054 939 1230 1028 quamdam

112 1041 270 1122 intrante,
290 1068 355 1132 que
370 1056 440 1108 erat
453 1047 544 1130 juxta
562 1041 696 1108 lluvium
713 1043 890 1131 quemdam
901 1043 926 1121 ²,
946 1055 978 1106 et
994 1041 1092 1108 nimis
1112 1066 1230 1132 magna

112 1145 325 1212 multitudine
348 1159 472 1211 armata
495 1169 630 1210 suorum
664 1146 773 1233 ipsum
797 1158 977 1233 sequente,
1010 1169 1085 1210 curu
1118 1143 1230 1210 multis

112 1273 225 1314 eorum
245 1273 325 1313 nave
341 1249 376 1314 in
390 1243 598 1338 'profundum
614 1247 852 1325 descendente,
876 1249 1069 1314 submersus
1088 1246 1229 1314 interiit.

114 1353 161 1416 De
184 1350 448 1418 Flandrensibus
472 1348 606 1416 circiter
633 1349 722 1414 mille
742 1349 804 1414 viri
831 1349 915 1414 infra
944 1349 1018 1416 illos
1048 1348 1119 1414 dies
1147 1349 1231 1414 dnos

114 1454 236 1518 mortui
257 1467 346 1530 sunt,
368 1451 471 1520 occisi
498 1452 547 1517 vel
573 1451 750 1530 submersi,
776 1465 808 1516 et
830 1452 915 1516 bene
935 1465 984 1517 tot
1004 1465 1037 1516 et
1055 1451 1169 1540 plures
1190 1453 1230 1517 de

112 1556 397 1624 Hollandensibus
415 1569 447 1622 et
463 1554 563 1622 sociis
582 1553 771 1634 admiraldi,
792 1554 939 1642 quamvis
957 1553 1130 1620 victoriam
1143 1554 1232 1620 obti-

112 1673 272 1738 nuerunt,
304 1660 381 1748 qnia
415 1659 521 1747 prima
558 1658 612 1723 die
643 1657 747 1723 multo
776 1657 889 1745 plnres
916 1657 1099 1723 amiserunt
1132 1682 1230 1746 quam

112 1761 350 1828 Flandrenses
704 1824 707 1830 ,

155 1863 324 1956 Flamingi
344 1877 466 1942 autem,
485 1861 542 1951 qui
556 1861 589 1926 in
603 1861 694 1927 arida
709 1875 938 1928 remanserant
954 1887 1028 1928 cum
1050 1863 1231 1929 Zelanden·

113 1966 218 2046 sibus,
239 1965 382 2056 qui,sibi
400 1964 516 2030 fideles
537 1978 648 2044 erant,
673 1977 706 2029 et
727 1989 802 2030 oum
823 1966 923 2030 armis
942 1965 1010 2030 suis
1029 1978 1062 2031 et
1080 1965 1229 2046 cibariis,

112 2094 176 2158 que
198 2093 310 2134 secum
338 2069 492 2134 inanibus
514 2081 648 2156 portare
669 2080 838 2155 poterant,
861 2066 1008 2133 dimissis
1026 2067 1179 2135 tentoriis
1201 2081 1233 2134 et

112 2170 354 2260 papilionibus,
382 2171 423 2235 de
448 2168 594 2234 Ziericze
621 2181 833 2235 recesserunt
854 2194 914 2258 per
938 2168 1130 2234 distantiam
1149 2172 1231 2236 dun-

112 2297 184 2338 rum
214 2273 383 2338 leucarum
412 2271 446 2337 in
474 2272 616 2360 quadam
652 2271 791 2360 planitie
826 2285 859 2336 et
893 2296 978 2338 cono
1007 2271 1128 2351 insule,
1166 2298 1232 2362 que

112 2387 249 2442 vocatur
260 2375 404 2453 secuda,
418 2374 452 2439 in
469 2398 533 2462 qua
546 2387 579 2440 et
590 2372 736 2438 Ziericze
755 2375 818 2440 sita
836 2386 902 2455 est,
920 2388 954 2440 et
969 2387 1040 2440 erat
1050 2375 1106 2440 ille
1117 2375 1234 2441 loeus³

112 2503 214 2566 super
234 2502 336 2556 mare,
353 2477 394 2542 ud
410 2501 508 2567 quem
521 2476 630 2542 locum
648 2501 747 2542 naves
759 2476 902 2564 quedam
919 2477 1175 2544 Zelandensium
1193 2479 1233 2542 ab

112 2580 228 2648 amicis
259 2580 403 2646 adducte
440 2593 534 2658 sunt,
566 2603 647 2667 quas
677 2579 822 2668 ingressi
853 2571 926 2644 eum
957 2592 1007 2644 tot
1033 2579 1231 2672 Flamingis,

113 2695 194 2772 quot
211 2695 393 2770 potuerunt
412 2706 544 2771 capere,
567 2681 600 2746 in
621 2681 812 2747 Flandriam
834 2681 1144 2748 transfretaverunt.
1170 2686 1235 2749 Re-

114 2798 311 2852 manserunt
326 2798 435 2851 autem
455 2783 591 2851 circiter
613 2785 676 2848 tria
700 2783 803 2849 millia
827 2783 1083 2850 Flandrensiunr
1105 2785 1138 2850 in
1161 2786 1235 2852 loco

113 2889 243 2974 prelato
260 2889 332 2954 sine
345 2887 499 2952 tentoriis
522 2900 555 2954 et
574 2885 743 2964 domibus,
766 2885 888 2974 quibus
909 2899 1115 2974 tegerentur.
1135 2890 1234 2954 Cum-

114 3015 177 3079 que
196 3015 256 3078 per
272 2989 420 3078 quinque
439 2989 490 3054 vel
505 3013 562 3054 sex
578 2989 649 3054 dies
669 2987 803 3076 inopem
822 2987 997 3054 duxissent
1012 2988 1124 3070 vitam,
1144 2990 1233 3080 quia,

98 3093 348 3162 deficientibus
377 3093 523 3182 propriis
556 3090 770 3170 victualibus,
806 3090 915 3156 incole
943 3091 1051 3158 insule
1085 3093 1235 3158 nonnisi

112 3195 233 3261 furtive
254 3194 302 3260 eis
321 3195 444 3260 cibaria
462 3194 607 3261 vendere
629 3192 699 3258 ausi
715 3205 842 3258 sunt—
860 3193 1040 3259 inhibitum
1060 3196 1147 3260 enim
1165 3209 1236 3262 erat

114 3298 160 3362 eis
174 3299 239 3366 hoo·
260 3299 322 3364 sub
338 3323 425 3388 peno
440 3297 572 3386 eapitis,
595 3335 639 3346 -
659 3320 722 3360 nee
738 3295 848 3385 alique
867 3310 1101 3384 comparerent
1122 3322 1233 3379 naves,

114 3425 176 3488 que
196 3425 253 3466 eos
275 3425 389 3465 versus
414 3399 604 3466 Flandriam
628 3398 843 3463 transvehere
865 3413 1020 3486 possent,
1045 3413 1078 3464 et
1098 3401 1235 3466 Hollan·

115 3652 204 3718 in-4·);
227 3669 276 3717 pur
300 3655 333 3702 Le
354 3654 443 3702 Grand
460 3653 581 3716 d'Anssy,
602 3652 668 3699 duris
687 3651 859 3698 1001111111.άο
881 3650 1002 3700 [lectitat
1023 3652 1171 3717 (Academie
1190 3655 1236 3703 des
1262 3681 1267 3688 -

115 3717 234 3766 Sciencea
252 3733 316 3764 mor.
339 3723 365 3764 et
385 3716 460 3780 pol),
484 3723 502 3764 t.
520 3717 553 3772 11,
576 3720 601 3764 et
637 3731 667 3761 ar
685 3715 794 3762 Ghnrles
810 3713 947 3769 Jonrdain,
968 3715 1034 3762 dans
1054 3716 1092 3763 les
1111 3719 1185 3764 Μόνη.
1204 3718 1236 3764 de

114 3779 211 3826 [dead.
225 3779 270 3827 dea
282 3783 361 3826 Inter.
377 3784 401 3826 et
411 3781 561 3834 B.-Letlrea,
585 3784 603 3825 t.
618 3731 684 3824 llel
697 3776 786 3840 (1881),
801 3793 828 3838 p.
842 3775 958 3824 377-118.

143 3843 166 3889 1,
184 3841 293 3904 D'epr'es
303 3858 353 3890 une
365 3841 508 3904 chronique
519 3839 701 3887 neerlnndaise
714 3839 779 3886 citee
789 3855 838 3911 par
852 3839 887 3886 De
901 3840 973 3886 Smet
983 3836 1066 3900 (tuem.
1080 3841 1161 3888 dead.
1178 3856 1232 3906 roy.

114 3903 296 3962 deliramenta,
310 3921 369 3952 ann.
387 3904 456 3966 1845,
471 3920 496 3968 p.
508 3901 556 3966 30),
570 3901 590 3949 il
599 3901 718 3965 s'agirnit
730 3899 764 3948 dn
779 3917 830 3948 stre
843 3899 874 3948 de
887 3901 1075 3966 Culembourg.

147 3968 170 4014 2.
189 3967 312 4018 LeLeelr,

143 4031 166 4075 3.
184 4030 255 4077 Cette
265 4028 370 4078 10001111
381 4026 444 4076 uait
456 4019 653 4084 Nieiverhuven,
667 4043 767 4074 comme
780 4042 812 4074 en
823 4024 953 4088 temoigne
964 4026 990 4074 ln
1003 4025 1079 4073 lettre
1093 4025 1171 4076 terite
1185 4043 1236 4092 pur

113 4089 202 4148 Guill„
214 4098 298 4140 comte
310 4091 341 4138 de
355 4090 469 4138 Hainaut
480 4087 547 4136 etde
560 4085 697 4146 Hollunde,
712 4106 744 4136 en
757 4089 817 4136 date
830 4089 865 4135 du
878 4089 907 4135 15
923 4086 975 4135 mai
986 4087 1048 4135 1304
1061 4095 1085 4136 et
1099 4089 1172 4152 publ.
1184 4108 1234 4156 par

115 4152 150 4200 De
161 4153 233 4202 Smet
240 4154 324 4218 (Mem.
332 4154 363 4200 de
372 4152 469 4200 l'Aead.
482 4148 1022 4215 109.ᾰο1110001100,1.11111110111118151).
1032 4150 1072 4215 37)
1082 4168 1108 4198 z«
1118 4153 1182 4200 ende
1196 4153 1238 4202 die

112 4215 215 4322 {cloden
228 4231 278 4266 van
289 4215 410 4264 Ziericsie
422 4213 486 4264 ende
499 4229 612 4277 quamen
624 4213 663 4262 int
677 4218 743 4262 west
760 4213 825 4261 ende
839 4229 889 4262 van
905 4213 1024 4261 Scouden
1039 4219 1107 4262 tuter
1119 4214 1237 4264 Niower·

134 4293 247 4326 avene».

170 4367 373 4408 nuncu-nnumin.
384 4387 410 4400 -
420 4368 508 4408 Annales
519 4367 641 4408 (laudenses.
1146 4364 1159 4404 5
