3154 5190
117 434 177 496 taor
494 432 644 496 stultns
662 431 856 496 cannenses
1205 433 1235 496 ts

118 565 398 632 certitudinaliter
413 565 633 644 affirmabant,
652 563 775 628 dictum
796 577 910 652 caput,
936 563 1025 652 quod
1046 563 1235 654 diligentis-

119 668 201 733 sime
218 682 251 734 et
273 669 314 733 de
332 691 438 757 prope
463 667 699 742 intuebantur,
727 690 906 755 numquam
928 666 1030 731 fuisse
1048 667 1234 748 Wilhelmi,

118 770 176 836 sed
207 771 377 860 cujusdam
416 768 580 859 capellani
606 769 648 833 de
678 770 852 848 Gandavo‚
891 769 956 833 sibi
995 768 1236 857 aliquantulum

118 871 248 952 similis,
269 871 327 961 qui
348 873 382 936 in
403 872 492 938 bello
514 871 640 936 corruit
664 884 697 936 et
712 893 811 959 quem
837 893 899 960 ego
917 873 1003 936 bene
1027 873 1114 936 novi.
1139 875 1238 939 Dice-

118 976 216 1040 batur
237 977 335 1039 etiam
359 988 475 1063 postea
506 975 574 1039 lere
596 998 657 1061 per
683 974 766 1038 duos
794 997 941 1053 menses,
967 973 1049 1041 inita
1071 977 1138 1064 jum
1157 993 1239 1064 pac'e

117 1079 205 1141 inter
226 1102 338 1168 regem
352 1090 385 1142 et
403 1076 606 1167 Flumingos,
628 1100 749 1164 corpus
761 1078 846 1164 ejus,
868 1077 1077 1143 solummodo
1091 1079 1239 1144 abscissa

119 1203 182 1244 una
198 1203 309 1258 manu,
324 1179 428 1245 fuisse
444 1181 614 1244 inventum
630 1178 710 1244 etin
723 1178 934 1257 Felines,ubi
951 1180 1045 1245 multi
1058 1180 1099 1244 de
1110 1203 1238 1272 ¹cogna-

117 1283 209 1347 tione
247 1307 305 1347 sua
338 1282 459 1371 sepulti
491 1285 617 1370 jacent,
651 1282 753 1347 luisse
782 1281 960 1369 sepultum.
993 1283 1090 1364 Quod
1116 1307 1239 1373 corpus

119 1385 213 1448 multi
229 1385 372 1450 credunt
387 1409 452 1449 non
471 1385 570 1449 luisse
586 1408 699 1462 suum,
723 1385 808 1448 sicut
830 1406 892 1448 nec
909 1407 1030 1472 corpus
1052 1387 1237 1473 quoddam,

121 1487 208 1574 quod
229 1488 271 1552 de
298 1488 387 1553 bello
420 1485 632 1554 Curtracensi
659 1510 676 1551 a
709 1485 865 1578 garsione
892 1487 1034 1575 quodam
1070 1491 1240 1554 comitisse

121 1589 271 1656 Hauonie
291 1615 353 1680 pro
378 1614 517 1680 corpore
545 1588 604 1654 lilii
629 1588 692 1669 sui,
724 1590 884 1654 lobannis
905 1590 978 1655 sine
1003 1590 1145 1679 pietate,
1181 1593 1242 1656 suit

121 1692 345 1782 deportatum.

166 1796 374 1861 Corruerunt
395 1797 493 1862 etiam
521 1795 562 1859 de
585 1793 732 1859 exercitu
753 1794 950 1860 Flandrensi
972 1794 1105 1860 circiter
1126 1797 1242 1861 decem

121 1898 171 1963 vel
186 1899 345 1964 undecim
363 1899 501 1977 milites3
524 1897 645 1986 reliqui
665 1910 761 1961 erant
779 1895 935 1986 armigeri
954 1899 1004 1963 vel
1023 1898 1142 1964 divites
1162 1901 1241 1963 bur·

122 2002 278 2091 gensesl,
307 2001 505 2080 mechanici,
531 2013 775 2065 commorantes
807 1998 842 2063 in
875 1999 974 2079 villis,
1010 2001 1061 2064 vel
1090 2001 1242 2066 homines

122 2104 260 2170 rurales.
279 2107 362 2170 Fere
378 2103 486 2168 media
500 2127 577 2190 pars
588 2102 851 2193 Flumiugorum,
872 2114 938 2167 tam
954 2127 1081 2184 eorum,
1095 2106 1152 2192 qui
1168 2129 1242 2170 cum

123 2207 274 2272 lohanne
300 2219 527 2285 recesserunt,
551 2228 649 2293 quam
678 2229 810 2283 eorum,
842 2205 898 2294 qui
930 2230 1042 2296 regem
1067 2207 1241 2296 fugarunt,

122 2307 287 2374 vulnerati
303 2321 379 2374 sunt
389 2309 440 2374 vel
456 2307 602 2398 graviter
615 2308 688 2371 lesi.
706 2310 756 2372 De
769 2307 918 2372 exercitu
933 2331 1010 2374 vero
1026 2309 1115 2399 regis
1130 2310 1244 2398 plures

123 2435 220 2499 quam
244 2432 360 2476 novem
379 2410 482 2475 millia
501 2422 700 2474 corruerunt
718 2409 820 2474 occisi
840 2409 891 2473 vel
907 2411 1128 2498 oppressione
1147 2411 1244 2478 suffo-

124 2514 199 2594 cati,
222 2515 311 2578 inter
331 2537 415 2602 quos
436 2514 498 2578 fuit
515 2512 695 2602 precipuus
715 2513 896 2592 Johannes,
920 2516 1021 2578 irater
1046 2514 1140 2579 ducis
1164 2519 1245 2580 Bur·

124 2616 271 2706 gundie2
295 2630 327 2681 et
349 2618 445 2705 Hugo
465 2616 507 2680 de
532 2615 712 2694 Bouvilla3‚
735 2638 883 2678 summus
904 2616 1116 2682 consiliarius
1136 2617 1244 2708 regis,

125 2721 181 2806 qui
201 2743 276 2784 cum
298 2720 415 2806 majori
431 2741 552 2808 pompa
569 2731 603 2782 et
621 2717 809 2782 comitativa
829 2718 986 2782 incedere
1007 2719 1135 2784 solebat
1151 2759 1196 2770 -
1215 2734 1248 2784 et

126 2823 222 2886 etiam
247 2821 308 2886 luit
335 2823 368 2884 in
392 2820 482 2886 dicto
513 2821 657 2885 bello-
676 2842 773 2908 quam
799 2819 894 2885 multi
924 2822 1062 2886 comites
1092 2823 1245 2888 Francie.

125 2924 246 2990 Amisit
268 2949 326 2988 rex
347 2925 446 2988 etiam
468 2922 602 2988 circiter
629 2924 762 2988 .XVlll.
786 2923 927 2988 barones
945 2923 1076 2989 nobiles
1094 2939 1127 2990 et
1141 2939 1248 2990 terra·

127 3050 195 3091 rum
213 3027 385 3117 principes
409 3025 444 3089 in
471 3026 564 3090 dicto
583 3025 650 3104 die,
676 3037 708 3089 et
735 3025 857 3089 milites
884 3025 953 3090 fere
976 3027 1104 3106 .CCC.;
1127 3027 1246 3117 reliqui

127 3129 282 3220 armigeri
299 3140 394 3193 erant
412 3142 445 3193 et
466 3130 651 3218 burgenses
673 3151 709 3192 ac
726 3127 879 3219 vulgares
895 3128 1040 3218 pedites.
1059 3133 1108 3196 De
1124 3132 1247 3220 stipen-

127 3231 241 3297 diariis
262 3244 372 3296 autem
402 3232 491 3322 regis
518 3229 615 3320 pauci
641 3229 762 3295 mortui
793 3244 882 3311 suut,
911 3231 987 3320 quia
1013 3236 1120 3322 magis
1144 3234 1248 3322 prede
1350 3293 1353 3301 .

129 3359 224 3424 quam
242 3333 382 3399 victorie
400 3333 634 3398 intendebant.

171 3435 326 3502 Crastina
341 3436 454 3525 itaque
474 3434 528 3500 die
549 3451 626 3523 post
646 3435 735 3499 diem
758 3435 910 3524 predicte
933 3437 1104 3502 horribilis
1122 3438 1245 3518 cladis,

129 3541 258 3605 scilicet
287 3539 366 3604 feria
401 3538 509 3617 .1V.⁴,
548 3538 715 3604 Johannes
749 3541 984 3604 Namurcensis
1019 3553 1052 3604 et
1082 3543 1248 3607 Robertus

129 3641 344 3708 Nivernensis
362 3667 437 3706 cum
455 3655 526 3706 toto
547 3640 694 3705 exercitu
711 3643 736 3706 F
739 3640 868 3705 landrie
884 3641 1138 3732 Flamiugantis,
1154 3646 1249 3710 amis·

160 3933 182 3980 l.
202 3935 236 3982 Le
247 3950 296 3980 ms.
310 3933 341 3980 de
357 3931 430 3981 Gaud
445 3939 470 3980 et
483 3931 542 3978 l'ed.
557 3931 588 3978 de
604 3931 759 3996 Hombosrg
771 3939 876 3995 portent
887 3949 901 3981 u
912 3933 1062 3996 Brugenses
1076 3953 1098 3991 u,
1110 3937 1176 3986 mais
1187 3937 1207 3984 il
1219 3954 1251 3986 ne

133 3998 186 4044 lunt
221 4013 250 4042 es
260 3995 358 4043 hesiter
373 4000 388 4041 tr
400 3995 449 4042 lire
462 4013 474 4042 n
488 3995 633 4056 burgenses
647 4011 668 4040 o.

161 4060 184 4105 2.
201 4013 272 4106 bons
288 4075 319 4105 ne
332 4057 454 4104 sachions
473 4073 522 4121 pus
540 4057 619 4119 qu'un
637 4058 704 4104 frere
722 4057 756 4103 du
774 4057 823 4104 duc
840 4057 872 4104 de
889 4059 1047 4122 Bourgogne
1064 4061 1101 4108 ait
1115 4064 1155 4110 tte
1175 4066 1218 4109 tue
1235 4063 1251 4109 d

132 4119 375 4174 Mons-en·Pevele;
389 4120 413 4166 le
424 4118 545 4167 minorite
554 4118 666 4165 confond
680 4134 741 4166 sans
752 4119 829 4168 doute
842 4135 905 4168 uvec
917 4122 991 4178 Jean,
1000 4129 1085 4171 comte
1097 4123 1129 4171 de
1141 4125 1251 4172 Chelon-

130 4184 253 4241 Auxerre,
267 4182 399 4230 chevalier
409 4181 440 4229 de
451 4182 476 4228 le
489 4184 573 4230 comte
586 4181 617 4228 de
630 4182 794 4245 Bourgogne.

163 4247 186 4292 3.
204 4246 299 4300 Lerne.
314 4244 346 4292 de
358 4244 434 4354 Gapd
446 4250 472 4292 et
483 4244 542 4293 ted.
556 4244 588 4290 de
603 4243 757 4308 Hembourg
767 4251 874 4308 portent
884 4263 895 4292 u
909 4246 1031 4294 Bonville
1045 4265 1068 4295 n.

163 4310 184 4354 4.
205 4309 238 4356 Le
251 4309 280 4356 19
294 4311 356 4356 uout
371 4308 399 4354 13
417 4309 439 4354 4.
