3154 5190
352 481 383 526 68
732 479 881 528 ANNALBS
898 479 1093 529 Glnnnnsns
1410 483 1469 531 1304

353 595 381 660 si
401 618 517 683 pacem
536 594 672 660 vellent.
699 596 764 680 Qui
788 621 862 661 cum
887 597 1088 662 consiliariis
1107 597 1176 662 suis
1203 611 1237 663 et
1256 611 1326 664 toto
1346 601 1469 688 populo

352 696 468 786 gavisi,
493 722 608 786 pacem
630 697 816 785 cupientes,
842 699 900 764 sed
921 699 1034 764 dolum
1056 698 1264 791 ignorantes,
1287 703 1469 790 responde-

352 812 439 882 runt,
466 824 500 865 se
529 799 751 865 libentissime
776 824 850 864 curn
871 824 950 890 rege
975 825 1091 889 pacem
1112 803 1235 867 habere
1256 804 1358 884 velle,
1382 803 1469 870 salva

350 902 464 994 vita'et
482 904 652 982 membris,
675 916 708 967 et
727 901 940 968 libertatibus
956 905 1102 993 antiquis
1117 917 1207 970 terre
1229 929 1304 987 sue,
1325 918 1360 970 et
1377 907 1471 995 quic-

349 1005 430 1095 quid
447 1007 480 1070 in
501 1029 575 1070 eum
592 1005 752 1094 injuriose
768 1007 1064 1072 commiserantvel
1077 1005 1110 1070 in
1127 1031 1217 1086 suos,
1237 1021 1467 1097 competenter

350 1108 540 1174 emendare.
562 1108 658 1173 Unde
683 1107 717 1171 in
746 1121 888 1195 utroque
917 1107 1066 1173 exercitu
1091 1108 1202 1174 statim
1229 1111 1470 1200 proclamatum
1555 1157 1556 1186 ,

350 1224 413 1292 est,
436 1225 470 1276 ut
492 1233 606 1276 omnes
627 1223 860 1300 exspectarent
880 1209 992 1299 aliquo
1014 1224 1165 1300 ternpore
1189 1225 1223 1277 et
1242 1214 1468 1302 quiescerent,

349 1316 383 1380 in
402 1338 467 1403 quo
486 1313 616 1378 scilicet
630 1326 780 1401 tempore
798 1312 839 1377 de
856 1314 958 1377 forma
977 1305 1068 1403 pacis
1088 1327 1298 1380 tractaretur.
1319 1317 1470 1404 Cumque

350 1439 408 1481 rex
441 1439 593 1507 magnam
623 1415 795 1480 emendam
821 1428 950 1503 peteret
981 1428 1015 1480 et
1042 1415 1267 1482 Flandrenses
1305 1417 1468 1483 minorem

349 1519 525 1598 offerrent,
558 1519 644 1584 sicut
673 1541 744 1582 mos
765 1529 826 1597 est,
849 1517 906 1582 ubi
934 1517 1062 1584 inimici
1082 1520 1362 1600 reconciliantur,
1387 1520 1470 1586 dicti

350 1621 550 1688 mediatores
567 1621 775 1686 fraudulenta
788 1621 908 1686 astutia
921 1643 977 1691 sua
989 1620 1200 1710 principibus
1212 1622 1468 1687 Flandrensium

349 1738 601 1816 suggesserunt,
624 1723 875 1814 pretendentes,
897 1722 988 1812 quod
1007 1736 1074 1788 tarn
1095 1725 1234 1789 arduum
1251 1725 1421 1815 negotium
1434 1725 1468 1790 in

349 1840 414 1893 tam
438 1827 531 1893 brevi
550 1840 701 1914 tempore
724 1849 791 1890 non
813 1837 945 1914 poterat
965 1825 1149 1905 terminari,
1174 1841 1212 1892 ut
1236 1825 1389 1893 inducias
1416 1829 1469 1893 vel

348 1944 482 2021 treugas
503 1932 621 1997 darent
646 1928 746 1994 trium
767 1928 914 2008 dierum,
936 1927 1066 1994 scilicet
1085 1928 1142 1993 illa
1164 1928 1245 1994 feria
1274 1931 1389 2018 quinta
1415 1932 1469 1997 vel

348 2035 428 2098 feria
447 2047 538 2100 sexta
553 2045 727 2122 sequente,
745 2031 778 2095 in
796 2044 942 2119 quaerat
957 2030 1070 2121 vigilia
1089 2031 1339 2122 Assumptionis
1359 2033 1469 2124 Virgi-

348 2138 400 2202 nis
420 2136 583 2227 gloriose,
619 2148 652 2199 et
681 2135 833 2212 sabbato,
867 2133 902 2198 in
933 2158 1000 2223 quo
1029 2147 1102 2198 erat
1129 2133 1238 2223 ipsum
1269 2137 1407 2215 festum,
1436 2151 1469 2201 et

347 2238 498 2304 dicentes
517 2237 676 2303 mendose
690 2237 779 2325 quod
793 2259 850 2300 rex
861 2249 949 2301 esset
963 2235 1170 2301 voluntarius
1186 2236 1281 2302 valde
1295 2238 1337 2302 ad
1350 2262 1468 2327 pacem

347 2365 420 2406 cum
441 2341 523 2431 ipsis
542 2339 824 2430 componendam,
849 2336 1015 2429 simulque
1036 2339 1220 2430 allegantes
1240 2340 1337 2406 beate
1354 2341 1467 2432 Virgi-

346 2445 399 2510 nis
415 2443 609 2533 suffragium
628 2442 670 2506 ad
692 2442 817 2508 dictum
838 2442 1008 2531 negotium
1030 2441 1223 2512 affuturum.
1246 2443 1376 2524 Qu'ibns
1391 2467 1468 2508 ver·

345 2547 397 2612 bis
412 2545 635 2613 Flandrenses
654 2557 687 2610 et
704 2569 819 2610 eorum
840 2543 1011 2633 principes
1030 2544 1141 2610 allecti
1157 2544 1190 2608 in
1206 2545 1313 2610 dictas
1328 2557 1467 2636 treugas

344 2650 394 2714 vel
417 2648 569 2714 inducias
592 2687 634 2699 -
653 2648 744 2737 quod
762 2648 810 2712 eis
831 2659 947 2736 postea
974 2645 1153 2735 plurimum
1179 2645 1368 2735 displicuit,
1390 2672 1466 2714 cum

345 2752 458 2817 dolum
475 2751 616 2818 luissent
634 2749 761 2840 experti
773 2787 818 2800 —
833 2749 1109 2814 consenserunt¹.

389 2857 460 2920 Hoc
475 2868 584 2921 autem
605 2866 728 2936 toturn,
751 2864 787 2916 ut
801 2851 928 2918 dictum
946 2864 1009 2932 est,
1028 2875 1068 2916 ex
1084 2863 1177 2940 parte
1193 2852 1464 2918 consiliariorum

344 2957 434 3048 regis
454 2957 571 3023 dolose
590 2958 711 3022 facturn
732 2967 794 3020 est.
816 2957 996 3042 Postquam
1017 2951 1106 3018 enim
1125 2953 1266 3020 victoria
1286 2955 1464 3022 admiraldi

343 3077 376 3128 et
403 3060 678 3127 Hollandensium
699 3057 747 3121 eis
767 3055 929 3133 innotuit,
956 3057 1112 3121 omnibus
1135 3056 1242 3122 modis
1270 3083 1345 3123 curn
1363 3058 1464 3124 Flan-

342 3163 520 3231 drensibus
537 3172 724 3228 statuerunt
744 3158 938 3248 confligere,
956 3159 1015 3223 sed
1028 3159 1165 3240 bellum,
1190 3174 1349 3248 quantum
1371 3175 1463 3251 pote-

342 3282 428 3348 rant,
445 3265 621 3332 voluerunt
642 3262 829 3353 protelare,
850 3274 888 3326 ut
910 3260 1146 3339 Flandrenses,
1173 3262 1231 3351 qui
1255 3287 1317 3352 pro
1344 3266 1463 3352 majori
1555 3305 1556 3308 =

341 3384 435 3460 parte
450 3370 604 3462 vulgares
622 3378 717 3432 erant
735 3364 900 3442 homines,
922 3363 1126 3452 prolixarum
1147 3389 1367 3454 expensarum
1389 3365 1462 3432 alli·
1555 3419 1556 3452 f

341 3487 497 3540 cenentur
512 3472 615 3550 tedio,
633 3483 666 3535 et
681 3469 781 3534 etiam
798 3479 846 3545 ut,
865 3488 997 3532 rumore
1014 3463 1188 3532 infortunii
1202 3469 1369 3534 Guidonis
1381 3493 1462 3558 pro-

340 3613 1461 3637 *mmm—...-

372 3698 394 3746 1.
412 3693 606 3758 taetrumque
623 3690 765 3739 arteeienne
783 3693 909 3752 rapporte
924 3688 962 3736 les
984 3691 1082 3737 memes
1103 3689 1174 3746 faits,
1195 3691 1261 3738 mnis
1275 3707 1338 3740 sous
1353 3709 1387 3740 un
1396 3692 1461 3757 jour

339 3759 469 3808 different.
488 3759 521 3806 Ce
539 3762 600 3804 sont
615 3755 653 3802 les
667 3752 807 3802 Flamands
821 3751 866 3814 qui
883 3751 1068 3824 auraientpris
1079 3752 1226 3812 l'initiative
1239 3755 1270 3800 de
1283 3771 1326 3804 ces
1339 3756 1460 3820 negocia-

337 3822 407 3869 tione
420 3835 487 3884 pour
508 3820 532 3867 le
544 3817 756 3867 retablissement
768 3813 799 3862 de
816 3814 842 3861 la
860 3813 920 3876 pair
934 3830 965 3887 {a
980 3815 1007 3861 St
1019 3814 1093 3861 avint
1107 3831 1158 3888 quc
1173 3813 1339 3873 l’endemain‚
1353 3817 1415 3882 qu'il
1431 3819 1458 3866 sn

338 3884 462 4010 {llllelss
476 3883 508 3991 ll
521 3875 1458 4007 tt“tttltlsstttttttt⁰tt⁰ttttt¹tttttlil⁸‘tttttttt

338 4008 378 4056 s'il
395 4012 528 4071 perissent.
550 4005 578 4054 Si
593 4005 688 4053 tint-cn
708 4001 794 4050 cbelui
807 4000 869 4064 jour
887 4007 912 4050 et
932 4000 1089 4048 l'endemain
1102 4007 1128 4048 et
1140 4003 1164 4050 le
1183 4003 1275 4060 tiercb,
1295 4005 1340 4068 qui
1357 4007 1383 4052 lu
1398 4005 1458 4054 dte·
1555 4015 1556 4028 ¹

337 4071 468 4124 manebas,
482 4068 637 4134 parlament,
651 4072 676 4113 et
692 4081 724 4112 ne
758 4070 845 4111 eut-cn
865 4069 934 4111 estre
951 4062 1058 4110 d'acort.
1073 4064 1100 4111 si
1113 4065 1166 4113 dist
1178 4065 1197 4112 li
1211 4067 1277 4114 sires
1288 4067 1319 4114 de
1334 4069 1387 4116 Kuc
1398 4075 1423 4116 et
1436 4069 1456 4116 ti

335 4131 401 4182 sires
416 4129 568 4180 d'Eseornai
578 4147 636 4194 que,
646 4127 742 4194 puisqu
753 4125 772 4173 il
784 4126 861 4174 estoit
873 4126 928 4172 ensi
941 4141 990 4198 que
1005 4125 1024 4172 li
1039 4141 1101 4188 roys
1115 4143 1147 4174 ne
1160 4128 1241 4176 voloit
1257 4130 1372 4192 prendre
1387 4130 1456 4178 dans

333 4195 372 4246 les
385 4194 539 4257 offrenqu'il
552 4193 682 4248 laisoient,
694 4189 757 4254 qu'il
766 4188 1007 4236 secombaterorent
1020 4193 1046 4235 et
1057 4190 1285 4261 emprenderoient
1297 4193 1455 4251 l‘aventure,
1555 4179 1556 4202 ¹

333 4266 359 4308 ct
375 4261 429 4308 s’en
443 4257 560 4306 calerent
571 4272 587 4304 a
600 4254 658 4303 leur
670 4260 720 4310 ost,
738 4258 764 4300 et
772 4251 793 4298 li
805 4267 887 4314 quens
897 4249 928 4298 de
946 4249 1048 4322 Savoie,
1061 4265 1105 4312 qur
1115 4252 1194 4325 estoit
1206 4252 1237 4302 de
1250 4269 1300 4326 par
1312 4255 1337 4303 le
1350 4272 1408 4320 roy,
1424 4273 1453 4304 se

336 4321 443 4370 retraist
455 4328 481 4368 et
489 4326 566 4384 porta
578 4318 639 4366 ebes
652 4314 777 4364 nouveles
790 4330 823 4361 au
835 4329 882 4375 roy
892 4328 942 4376 qne
953 4312 972 4359 lr
982 4311 1105 4359 Flamenc
1117 4322 1221 4362 arerent
1233 4316 1280 4364 dn.
1290 4335 1302 4364 a
1315 4317 1384 4368 Bibl.
1397 4336 1455 4382 roy.

335 4384 367 4433 de
380 4383 525 4443 Bruxelles,
539 4398 589 4430 ms.
603 4379 746 4436 stadt-64,
762 4378 779 4424 l.
793 4377 838 4425 205
851 4384 887 4423 ν’.
