3178 5192
178 799 574 937 annaeus
630 800 1138 940 cannenses

563 1119 771 1130 affl

505 1461 820 1531 PROLOGUS

140 1644 226 1707 Cum
247 1641 390 1730 quodam
409 1657 558 1731 tempore
578 1643 855 1731 occupationibus
876 1667 940 1707 non
963 1667 1114 1734 urgerer,
1132 1641 1223 1708 venit

98 1744 182 1808 mihi
197 1745 232 1808 in
253 1744 376 1822 animo,
395 1745 451 1834 qui
472 1745 630 1810 historias
649 1746 799 1833 laetaque
822 1745 987 1810 autentica
1009 1745 1221 1832 antiquorum

97 1847 245 1911 libenter
259 1847 335 1938 lego
352 1863 384 1912 et
400 1847 511 1924 audio,
526 1847 752 1936 velociterque
770 1847 894 1925 scribo,
913 1847 1050 1912 habenti
1066 1847 1165 1912 etiam
1182 1847 1222 1911 ad

96 1973 195 2012 usum
213 1949 373 2037 quasdam
394 1950 641 2015 membranulas
658 1951 748 2039 parvi
768 1950 890 2014 valoris
911 1950 1099 2040 colligatas,
1119 1949 1152 2012 iu
1175 1950 1223 2014 eis

97 2051 305 2132 describere,
333 2053 515 2117 secandam
550 2054 727 2118 decursum
759 2077 921 2117 annorum
957 2066 988 2117 et
1019 2065 1221 2140 temporum,

96 2155 268 2242 expedito,
291 2154 355 2219 levi
379 2155 535 2244 claroque
562 2179 727 2232 sermone,
751 2155 855 2243 prelia
881 2169 911 2220 et
937 2155 1085 2243 pericula
1111 2155 1224 2219 multi-

97 2257 210 2335 moda,
233 2257 403 2349 angustias
425 2270 457 2321 et
475 2282 650 2346 pressuras
670 2257 789 2336 varias,
811 2257 1054 2345 expeditiones,
1074 2256 1224 2321 obsidio-

96 2385 168 2438 nes,
194 2359 469 2450 inpugnationes,
494 2375 559 2425 tam
587 2361 734 2448 passivas
761 2385 859 2448 quarn
886 2359 1022 2439 activas,
1047 2385 1111 2448 que
1136 2373 1224 2424 terre

97 2475 214 2526 nostre
235 2460 391 2526 Flandrie
412 2477 606 2541 evenerunt,
625 2462 876 2550 accidentiaque
896 2462 1038 2538 diversa,
1057 2487 1121 2550 que
1140 2477 1225 2526 tem-

97 2563 240 2650 poribus
255 2563 337 2628 meis
353 2565 579 2656 contigerunt,
592 2605 636 2612 -
649 2566 770 2653 quibus
783 2565 938 2629 omnibus
956 2565 1007 2629 vel
1024 2589 1163 2653 presens
1175 2563 1225 2628 vel

97 2667 234 2734 intuens
255 2667 403 2745 interfui,
426 2667 476 2731 vel
498 2669 539 2731 ab
559 2668 637 2746 hiis,
656 2667 713 2754 qui
728 2681 902 2755 presentes
919 2668 966 2731 eis
988 2668 1223 2744 interfuerunt,

98 2769 324 2833 referentibus
345 2768 626 2834 certitudinaliter
644 2769 776 2860 agnovi,
789 2794 948 2857 -eaque
965 2771 1110 2856 posteris
1128 2768 1225 2834 relin-

99 2895 217 2958 quere,
243 2871 365 2958 quibus
385 2871 463 2935 talia
485 2871 597 2962 legere
620 2885 652 2934 et
675 2871 789 2935 audire
814 2871 990 2958 placuerit,
1015 2871 1171 2935 subtilius
1194 2886 1226 2935 et

99 2972 310 3038 emendatius
327 2973 559 3038 exscribenda.
577 2975 646 3037 Hoc
665 2988 772 3037 autem
791 2973 901 3061 incepi
919 2969 1133 3037 inconvento
1150 2974 1226 3036 Fra·

98 3087 186 3139 trum
209 3075 376 3140 minorum
398 3075 626 3140 Gaudensium
645 3078 800 3163 -cujus
819 3089 898 3139 tunc
919 3089 1101 3140 conventos
1122 3065 1224 3154 eram,

99 3191 209 3242 motus
229 3177 399 3242 desiderio
415 3178 635 3266 quorumdam
650 3179 804 3242 Fratrum
824 3178 1073 3265 recreativoque
1093 3178 1224 3256 solatio,

99 3303 183 3366 quos
208 3279 410 3368 quandoque
432 3280 510 3345 talia
532 3279 647 3344 audire
667 3280 718 3344 vel
740 3279 852 3371 legere
873 3279 1059 3344 delectabat
1076 3319 1120 3328 —
1140 3281 1226 3344 circa

98 3381 306 3469 principium
322 3381 399 3446 anni
413 3381 547 3447 Domini
568 3381 819 3447 .M.CCC.Vlll.
837 3381 1056 3446 Movitetiam
1076 3407 1127 3446 me
1142 3407 1227 3446 com·

100 3484 212 3548 munis
240 3483 367 3548 utilitas
392 3484 432 3548 ad
458 3484 533 3563 hoc,
560 3484 649 3571 quia,
675 3498 711 3548 ut
737 3483 818 3548 mihi
842 3483 987 3562 videtur,
1012 3484 1226 3572 quandoque,

100 3585 272 3674 aliquibus
289 3587 463 3651 eventibus
480 3585 768 3677 demergentibus,
781 3586 876 3650 valde
891 3585 1073 3673 expediens
1088 3601 1135 3651 est
1150 3587 1227 3650 talia

48 3683 54 3692 ’
100 3713 166 3752 non
181 3689 353 3780 ignorare.
368 3691 409 3752 Et
423 3688 618 3767 notandum,
632 3688 722 3775 quod
739 3688 817 3752 anni
833 3687 967 3752 Domini
985 3690 1228 3777 subsequentes

101 3815 237 3878 semper
249 3790 433 3879 incipiendi
447 3805 523 3855 sunt
535 3789 568 3852 in
581 3790 666 3853 l'esto
677 3790 950 3854 Annuntiationis
963 3791 1226 3880 beatel'irginis,

101 3893 191 3980 quod
209 3905 260 3957 est
277 3895 376 3959 .Vlll.
393 3891 458 3956 kal.
477 3891 603 3980 Aprilis
616 3892 624 3935 ¹
631 3942 639 3970 ,
651 3892 927 3980 qualitercunque
938 3893 1099 3966 l'aschatc
1111 3894 1242 3958 festum*

102 4009 356 4060 transmutetur.

779 4083 926 4172 Explicit
941 4085 1115 4174 prologus.

133 4307 155 4353 1.
174 4309 205 4354 25
219 4321 301 4354 mars.

157 4395 364 4436 rumunnense.
375 4416 400 4424 --
411 4396 499 4435 Annam
510 4394 630 4436 Garrcleuscs.
