3154 5190
349 427 380 480 te
728 423 877 478 atratus
896 421 1091 480 otuuuttstts
1412 419 1472 478 taos

350 548 391 613 de
411 549 522 614 littore
539 547 638 612 maris
659 546 693 611 in
709 546 865 613 Flandria
887 560 1145 637 congregantes,
1170 561 1292 611 terram
1315 546 1473 612 Zelandie

350 649 519 728 invadere,
537 663 570 714 et
583 662 760 739 cognatum
773 673 867 714 suum
882 649 1080 728 lohannem,
1099 649 1254 715 comitem
1270 650 1424 714 Hanonie
1440 662 1473 713 et

349 753 543 834 Hollandie‚
566 751 764 844 impugnare
789 752 1005 817 festinabant.
1032 755 1135 840 Cujus
1156 752 1382 841 expeditionis
1412 753 1474 816 hee
1555 831 1556 858 p

350 849 446 919 eausa
460 857 548 943 justa
569 877 626 919 eos
642 855 814 919 movebat:

385 957 480 1022 'Ante
491 951 642 1046 tempora
660 956 762 1020 multa
779 956 982 1035 Florentius,
994 981 1107 1022 caumes
1121 955 1311 1036 Hollandie,
1325 980 1474 1021 sororem

350 1058 498 1147 ipsorum
528 1081 567 1124 ex
588 1070 681 1146 parte
700 1059 821 1147 patris,
850 1081 916 1123 non
944 1059 1237 1148 mutrispduxerat
1258 1059 1293 1124 in
1314 1081 1473 1134 uxorem,
1555 1051 1556 1100 l

349 1154 392 1226 de
406 1185 469 1251 qua
484 1160 603 1251 genuit
617 1162 750 1225 unicum
767 1160 881 1242 fitium,
903 1160 1037 1226 nomine
1053 1157 1251 1240 lohannem‚
1270 1162 1326 1250 qui
1344 1162 1377 1225 in
1396 1185 1475 1225 uxo·
1555 1149 1556 1186 ³

350 1287 421 1330 rem
450 1263 544 1328 duxit
565 1261 665 1328 filiam
686 1263 935 1354 scilicet-regis
954 1263 1085 1352 Anglie.
1116 1267 1196 1329 Cum
1221 1255 1329 1338 autem
1353 1287 1474 1353 guerra
1555 1339 1556 1356 χ

349 1365 515 1453 inciperet
535 1366 624 1430 inter
652 1364 860 1453 Philippum,
883 1387 994 1454 regem
1018 1365 1175 1446 Franoie,
1206 1379 1238 1431 et
1267 1367 1472 1442 lohannem‚
1555 1359 1556 1404 l

350 1467 505 1532 comitem
522 1469 671 1532 Hanonie
683 1491 723 1532 ex
734 1463 916 1554 partenna,
932 1481 964 1531 et
978 1467 1190 1548 Edwardum,
1207 1491 1319 1558 regem
1336 1467 1473 1558 daghe,
1555 1461 1556 1492 ³

349 1583 383 1636 et
401 1566 606 1649 Guidnmm,
625 1571 779 1635 comitem
800 1569 969 1649 Flandrie,
987 1582 1019 1634 et
1032 1571 1229 1650 tuberonem,
1251 1570 1370 1636 ducem
1390 1573 1475 1636 Bra-

349 1671 476 1749 huntie‚
496 1695 535 1737 ex
551 1671 667 1750 altera,
688 1669 730 1737 de
746 1696 810 1760 qua
824 1695 924 1760 supra
942 1672 1141 1751 dictumest,
1165 1673 1355 1738 Florentius
1371 1671 1476 1736 relin-

349 1797 458 1864 quens
478 1771 632 1840 socerum
655 1775 715 1839 lilii
742 1774 793 1839 sui
814 1788 847 1839 et
863 1774 1095 1863 propinquum
1109 1789 1142 1840 et
1157 1789 1334 1866 cognatum
1356 1799 1472 1852 suum,

350 1871 691 1956 duoem'Brabantie
729 1876 862 1942 adhesit
890 1890 923 1941 et
947 1877 1102 1967 alligatus
1132 1891 1182 1942 est
1211 1878 1282 1968 regi
1317 1877 1472 1955 Franoie,

355 1979 495 2067 pecunia
534 1978 722 2044 conductus
754 2005 770 2044 a
801 1980 923 2044 comite
950 1980 1118 2059 Hanonie,
1159 1981 1228 2044 filio
1262 1980 1361 2044 amite
1398 2005 1473 2044 sue.

352 2085 475 2148 Verum
492 2078 668 2171 postquam
690 2095 807 2170 treuga
825 2082 885 2146 suit
898 2083 986 2147 inter
1000 2107 1098 2170 reges
1123 2089 1156 2148 et
1175 2084 1223 2148 eis
1248 2083 1413 2173 alligatos,
1439 2108 1459 2150 u

350 2206 449 2271 supra
469 2193 571 2270 patet,
599 2183 701 2274 aliqui
728 2184 860 2249 nobiles
885 2184 926 2248 de
951 2184 1139 2265 Hollandia,
1168 2209 1251 2273 quos
1280 2185 1475 2250 Florentius

349 2284 546 2362 offenderat,
584 2283 757 2373 sperantes
787 2286 951 2376 retugium
976 2287 1101 2351 habere
1123 2287 1158 2352 in
1183 2301 1307 2352 terram
1339 2287 1475 2353 comitis

348 2387 503 2454 Flaudrie
521 2401 554 2452 et
570 2386 664 2452 ducis
685 2387 883 2465 Bubastis,
900 2389 1049 2454 hostium
1068 2389 1291 2456 Florentii-
1313 2403 1348 2454 ut
1367 2389 1474 2479 aliqui

348 2489 476 2565 dieunt,
495 2490 536 2554 de
556 2491 706 2592 ipsorum
727 2489 869 2555 consilio
888 2491 1119 2556 -dominum
1138 2516 1233 2557 suum
1254 2517 1314 2581 per
1330 2492 1474 2558 insidias

347 2591 542 2679 occiderunt
554 2592 576 2656 ¹.
596 2596 669 2676 Quo
683 2592 809 2669 occiso,
824 2593 991 2658 lohannes
1011 2594 1098 2658 lilius
1113 2619 1204 2674 suus,
1223 2595 1356 2683 juvenis
1376 2596 1475 2660 circi-

346 2705 397 2758 ter
407 2692 660 2783 quatuordeoim
670 2720 847 2773 armorum,
863 2719 936 2760 oum
949 2720 1051 2761 uxore
1063 2722 1133 2776 sua,
1148 2697 1214 2762 filia
1231 2697 1320 2788 regis
1334 2697 1471 2788 Anglie,

309 2857 313 2866 ,
347 2793 388 2860 tle
408 2794 528 2886 Anglia
545 2795 635 2860 venit
662 2798 694 2860 in
720 2809 844 2862 terram
867 2796 1058 2885 patrissui,
1083 2799 1248 2888 datusque
1273 2813 1324 2866 est
1344 2799 1412 2864 sibi
1428 2799 1473 2864 de

347 2897 487 2961 oonsilio
500 2897 606 2963 soceri
619 2901 669 2962 sui
688 2911 721 2962 et
736 2899 786 2963 avi
802 2899 895 2988 quasi
912 2913 1001 2963 tutor
1018 2914 1050 2965 et
1065 2901 1294 2994 pedagogus²‚
1313 2915 1473 2967 strenuus
1555 2907 1556 2914 ’

350 2999 443 3065 miles
459 3014 492 3064 et
507 3001 655 3088 prudens
672 3001 766 3066 valde
783 3025 819 3066 ao
836 3002 1014 3080 formosus,
1032 3003 1226 3071 Wull'ardus
1243 3005 1283 3068 de
1302 3005 1470 3083 Romulia,
1555 2989 1556 3066 l

350 3101 406 3190 qui
429 3103 543 3170 comiti
562 3103 760 3169 Flandrensi
785 3105 913 3168 favebat
924 3105 945 3170 ³.
970 3107 1039 3170 Hoc
1065 3107 1258 3196 intelligens
1285 3110 1470 3186 lohannes,
1555 3141 1556 3146 ¹

349 3229 460 3270 eomes
477 3205 640 3284 Hanonie,
656 3205 713 3295 qui
730 3206 827 3270 heres
842 3219 921 3294 post
932 3210 1086 3294 juvenem
1103 3209 1288 3274 lohannem
1305 3224 1377 3274 erat
1394 3211 1472 3274 Hol-

350 3305 478 3386 landie,
500 3332 560 3396 per
584 3307 714 3396 aliquos
738 3308 860 3372 amieos
882 3334 959 3374 suos
981 3309 1144 3376 insidiose
1160 3312 1370 3379 Wull'ardum
1393 3313 1473 3378 lecit

349 3408 457 3474 occidi
468 3409 492 3490 ⁴,
515 3422 548 3474 et
567 3411 751 3474 lohannem
772 3413 925 3498 juvenem
948 3435 1020 3475 cum
1042 3437 1143 3478 uxore
1168 3438 1225 3479 sua
1250 3417 1343 3502 quasi
1374 3415 1468 3505 capi;

349 3513 551 3600 veniensque
568 3511 602 3575 in
617 3509 774 3577 comitatu
797 3513 973 3578 Hollandie
993 3515 1097 3580 faetus
1114 3528 1165 3580 est
1182 3517 1288 3604 ipsius
1309 3518 1470 3584 lobannis

1067 3691 1466 3708 m*—

379 3802 402 3851 l.
422 3801 455 3850 Le
468 3803 496 3849 27
509 3801 564 3863 juin
578 3801 646 3850 1296.

379 3865 402 3912 2.
421 3866 456 3912 Lu
469 3865 559 3912 tutelle
572 3863 603 3910 do
620 3863 734 3911 Wollurd
749 3863 780 3912 de
792 3865 915 3914 Borselen
932 3866 1021 3915 devait
1033 3867 1112 3916 durer
1123 3867 1228 3934 jusqu't
1241 3887 1268 3918 ce
1284 3889 1334 3936 que
1353 3872 1377 3921 le
1391 3871 1468 3936 jeune

348 3933 431 3975 comte
447 3927 478 3974 de
491 3925 617 3974 llollende
630 3929 674 3973 edt
686 3923 831 3992 vingt-cinq
844 3943 905 3987 uns;
917 3929 964 3980 elle
978 3932 1017 3978 fut
1029 3929 1123 3979 etablie
1137 3949 1185 3994 pur
1199 3950 1232 3980 un
1243 3941 1299 3982 aete
1313 3934 1347 3981 du
1360 3937 1390 3982 30
1402 3935 1468 3984 avril

349 3990 417 4046 1297,
452 3988 505 4036 ubl.
539 3989 960 4043 aerMrnms‚Ctarterb.der
988 3989 1287 4052 ravbrtvanrrotlandl
1308 3995 1362 4044 584.

379 4055 402 4101 3.
443 4007 542 4110 n129l,
561 4050 680 4125 Fhilippe
695 4049 719 4098 le
739 4051 784 4098 Bel
801 4053 883 4100 tenuit
895 4052 933 4101 les
948 4010 989 4102 fill
1002 4055 1034 4103 de
1049 4055 1123 4103 Wolf.
1134 4057 1165 4104 de
1179 4031 1303 4108 Borselei
1318 4076 1348 4107 en
1362 4059 1467 4124 prison,

348 4129 447 4162 comme
460 4131 491 4161 eu
502 4118 633 4178 temorgne
643 4131 693 4161 une
703 4112 779 4162 lettre
792 4114 939 4164 d'Edouard
954 4119 973 4175 Ι,
985 4133 1016 4166 en
1033 4118 1092 4165 date
1106 4119 1140 4165 du
1153 4119 1182 4168 17
1192 4121 1296 4184 jenvier
1307 4123 1377 4180 1297,
1385 4121 1467 4185 publ.

347 4193 397 4240 par
407 4177 510 4238 Rymer,
525 4177 637 4231 Foedera.
653 4177 704 4224 ala
716 4177 784 4224 dato.

355 4255 360 4267 ·
378 4241 402 4288 4.
420 4239 495 4287 Wott.
510 4239 541 4286 de
556 4237 679 4288 Borselen
694 4243 733 4287 tut
745 4243 876 4287 essomme
888 4241 913 4288 le
925 4242 955 4288 29
964 4242 1021 4304 juin
1035 4242 1104 4304 1238,
1118 4245 1133 4290 rt
1147 4245 1224 4304 Delft,
1237 4245 1302 4294 dans
1316 4265 1350 4294 nn
1364 4261 1467 4297 moure·
1555 4265 1556 4310 J

348 4307 419 4352 ment
434 4301 581 4366 populaire.
