3154 5190
127 440 190 492 1304
509 435 657 486 ANNALES
676 435 869 486 GANDENSES
1120 439 1123 444 '
1221 433 1248 480 rt

126 558 279 622 videntes
307 559 514 644 Brugenses,
542 574 684 642 quornm
710 551 873 618 balistarii
899 550 1037 622 balistas
1067 573 1143 616 suas
1184 575 1250 624 aron

128 655 299 747 fregerant
312 685 373 724 nec
389 661 593 747 abjecerant,
616 663 762 725 Francos
785 683 801 724 a
824 683 858 722 se
883 682 957 722 cum
972 655 1093 744 jaculis
1113 655 1249 725 balista-

127 784 200 826 rum
220 763 417 852 abegerunt.
441 765 686 830 Remanserunt
701 774 812 826 tamen
828 759 948 828 Franci
968 761 1099 847 equites
1115 760 1147 834 in
1165 758 1249 837 acie,

126 886 168 928 ex
200 865 355 954 apposito
385 865 629 954 Brugensibus‚
666 878 792 930 stantes
820 863 861 930 ad
900 861 1250 933 distantiamtraetus

126 965 335 1035 balistarum.
357 967 519 1034 Videntes
538 968 651 1056 itaque
670 965 847 1055 Flamingi,
868 965 1064 1033 Gaudenses
1077 977 1110 1030 et
1124 967 1250 1052 Ypren·

125 1093 181 1132 ses
202 1069 305 1134 etalii
323 1082 436 1158 preter
456 1073 661 1160 Brugcnses‚
682 1070 741 1158 qui
760 1069 845 1135 nihil
861 1067 1035 1147 mali,·nisi
1050 1080 1171 1152 estam,
1193 1065 1250 1154 qni

126 1171 290 1236 maximus
307 1186 379 1236 erat
396 1173 455 1238 illo
472 1171 539 1252 die,
561 1171 789 1262 patiebantur,
811 1174 957 1238 Francos
980 1194 1154 1248 commane
1179 1171 1250 1237 bel·

126 1273 197 1338 lum
222 1275 310 1340 nolle
334 1274 432 1354 inire,
464 1300 537 1340 cum
563 1276 678 1341 cuneis
708 1275 749 1340 de
775 1277 844 1341 acie
869 1297 927 1340 sua
954 1296 1074 1364 magna
1101 1272 1248 1352 exibant,

127 1376 230 1442 modo
250 1377 378 1456 decem,
396 1379 497 1444 modo
513 1377 646 1468 viginti,
667 1377 765 1444 modo
784 1377 926 1466 triginta
940 1376 991 1442 vel
1009 1376 1247 1466 quadraginta;

126 1492 161 1542 et
182 1479 229 1542 sic
244 1479 465 1570 confligentes
486 1505 561 1546 cnm
577 1481 714 1546 Francis
734 1479 854 1546 multos
869 1478 1081 1558 accidebant,
1103 1477 1250 1546 etmulti

126 1580 228 1646 etiam
244 1606 285 1646 ex
301 1583 382 1671 ipsis
398 1583 654 1663 occidebantur,
677 1596 710 1646 et
731 1583 808 1646 dum
825 1582 904 1648 sassi
922 1594 1016 1646 erant
1031 1580 1072 1647 de
1093 1580 1250 1647 conflictu

125 1685 180 1748 vel
207 1684 306 1749 nimis
335 1687 377 1749 ab
405 1687 559 1750 hostibus
584 1687 727 1764 onerati,
760 1685 801 1750 ad
832 1684 935 1750 aciem
973 1709 1065 1750 suam
1097 1705 1250 1773 magnam

126 1788 395 1858 revertebantur.
424 1791 464 1854 Et
491 1789 592 1854 simili
615 1786 715 1852 moda
747 1787 867 1853 Franci
899 1786 997 1852 etiam
1027 1811 1101 1852 cam
1132 1785 1250 1854 cuneis

127 2054 176 2101 des
190 2070 249 2101 cars
261 2054 323 2118 qn’il
335 2056 439 2104 avolent
453 2055 508 2106 lait.
521 2058 554 2104 Et
564 2057 644 2104 edant
655 2057 682 2104 fu
693 2059 780 2104 arme'e
793 2063 864 2104 toute
876 2056 936 2103 l'ast
948 2056 972 2102 le
985 2071 1032 2117 roy
1044 2061 1070 2102 ct
1080 2055 1119 2102 les
1128 2054 1250 2103 batailles

125 2117 264 2175 ardentes,
278 2124 303 2166 et
319 2119 516 2166 charancho-an
529 2136 544 2166 a
559 2119 700 2166 l'encontre
711 2120 797 2176 daus,
808 2126 834 2166 et
847 2118 924 2166 estoit
938 2119 998 2166 bien
1008 2119 1087 2165 l'enre
1098 2117 1129 2164 de
1142 2117 1249 2166 tier-che.

126 2181 197 2227 Dant
218 2181 424 2228 commanda-an
444 2197 459 2229 a
483 2198 578 2246 passer
596 2182 634 2230 les
655 2182 786 2242 boteilles,
810 2187 892 2244 quant
912 2181 965 2230 eles
992 2183 1078 2228 turem
1102 2195 1132 2226 as
1158 2196 1249 2243 comps

123 2242 232 2305 rengies
246 2250 271 2290 et
288 2243 420 2292 oscenses,

157 2322 171 2352 a
189 2305 226 2352 Ne
245 2305 265 2352 il
279 2306 377 2354 n'avoit
398 2307 450 2354 mie
462 2323 512 2354 une
531 2307 584 2354 line
603 2311 675 2354 entre
692 2307 753 2354 l’ost
772 2308 797 2353 le
817 2322 864 2368 roy
882 2312 908 2353 et
923 2306 962 2352 les
976 2305 1105 2358 Flamens.
1127 2304 1150 2352 si
1171 2311 1251 2352 avant

124 2367 274 2414 estalent-il
283 2384 360 2416 venu.
375 2370 402 2416 Si
413 2369 564 2417 chevaucha
576 2370 602 2416 la
613 2368 720 2417 bataille
732 2369 917 2431 monseigneur
928 2367 1058 2416 Thiebant
1069 2365 1100 2415 de
1113 2367 1212 2440 Cbepoi
1225 2374 1251 2414 et

34 2463 36 2468 -
124 2430 149 2476 le
164 2429 274 2478 betaille
285 2431 310 2478 le
322 2431 372 2478 duc
385 2430 416 2478 de
429 2431 605 2494 Boargcngne
615 2432 776 2478 aa-deseure
790 2431 821 2477 de
835 2431 859 2478 le
869 2431 929 2487 vile,
942 2445 1010 2492 pour
1020 2431 1076 2478 aler
1087 2445 1122 2478 au
1134 2429 1250 2478 derrasse

124 2492 211 2548 d'ans,
225 2499 250 2539 et
263 2493 282 2540 li
295 2495 478 2542 cannestables
494 2501 520 2541 et
540 2494 559 2540 li
582 2494 730 2542 mareschal
750 2509 784 2540 au
801 2493 911 2540 dessaus
925 2509 939 2539 a
953 2493 1023 2540 main
1041 2498 1170 2546 senestre,
1190 2499 1215 2540 et
1230 2491 1248 2539 li

124 2570 209 2616 quens
227 2555 258 2602 dc
280 2556 418 2604 Sainnrol
445 2557 546 2603 nussia
561 2556 659 2603 cheles
682 2556 836 2603 aa·dessaus
860 2556 921 2602 d'un
946 2555 1048 2610 bosket,
1069 2561 1094 2602 et
1116 2554 1249 2617 pluiseurs

123 2617 248 2664 boteilles
261 2618 373 2666 estoient
387 2619 534 2668 au-devant
550 2618 625 2665 d'aus
640 2625 665 2666 et
681 2617 769 2667 leisait
781 2619 801 2665 li
814 2634 874 2680 reys
888 2617 1111 2679 larciane-garde.
1125 2619 1157 2665 at
1167 2617 1250 2664 avait·

124 2697 157 2724 cn
171 2683 247 2728 mena
266 2678 303 2728 ssV.
319 2680 426 2744 engiens
441 2681 486 2744 qui
503 2681 618 2744 getoient
629 2681 731 2745 pierres
747 2687 772 2728 et
788 2680 953 2744 espringales
967 2696 1035 2743 pour
1050 2680 1132 2728 treire
1150 2695 1179 2726 as
1193 2680 1247 2727 Fla·

124 2757 210 2797 mens,
224 2748 249 2790 et
261 2742 280 2789 li
293 2759 375 2806 quens
386 2744 417 2791 de
430 2743 584 2806 Boulangne
596 2743 674 2791 estoit
686 2743 801 2791 derriere
813 2743 874 2790 ebes
887 2741 995 2805 engiens
1008 2757 1077 2804 pour
1091 2741 1203 2792 werden.

157 2821 168 2850 a
189 2805 221 2851 Et
237 2805 318 2852 adont
334 2806 407 2854 avint
421 2821 471 2868 que
485 2812 566 2869 quent
579 2805 598 2852 li
612 2822 674 2868 roys
687 2812 713 2852 et
725 2822 767 2854 ses
777 2821 842 2868 gens
857 2807 943 2852 iurent
959 2821 1005 2852 sur
1017 2805 1042 2852 le
1054 2804 1129 2867 point
1141 2804 1172 2852 de
1185 2804 1248 2868 ljos·

124 2873 216 2913 sauter
228 2883 257 2914 as
270 2868 400 2930 Flamens,
414 2874 440 2914 et
452 2883 501 2930 que
518 2868 538 2915 li
555 2867 662 2930 engiens
675 2867 912 2916 commenchierent
923 2883 938 2914 a
951 2873 1034 2929 geter,
1048 2867 1152 2914 sachies
1164 2883 1215 2928 que
1229 2867 1246 2914 li

124 2929 215 2991 pieton
229 2931 283 2977 s'en
295 2932 397 2978 alerent
411 2947 426 2978 a
436 2931 497 2978 ebes
508 2936 591 2978 tentes
601 2936 627 2977 et
637 2947 652 2976 a
662 2930 687 2977 le
700 2931 790 2979 vitalle
807 2945 857 2994 que
869 2930 889 2976 li
901 2930 1009 2978 Flamen
1026 2930 1131 2978 avaient
1146 2928 1248 2978 leissiet

125 2997 150 3038 et
162 2991 304 3040 reuberent
315 2999 381 3051 tout,
401 2999 427 3040 et
439 2993 577 3040 n’estoient
591 3009 684 3040 encore
696 2994 734 3040 les
752 3009 815 3056 gens
830 2993 855 3040 le
870 3008 899 3039 ra
930 2991 1029 3040 darien
1042 2995 1158 3048 assante',
1172 3007 1203 3038 ne
1214 2991 1248 3038 n'i

125 3053 199 3101 avait
221 3071 315 3102 encore
336 3055 406 3103 riens
432 3055 479 3102 leit
504 3055 617 3102 d’arnres
638 3061 664 3102 et
682 3063 788 3103 entrues
812 3071 862 3118 qne
887 3009 939 3102 elil
968 3055 1057 3118 pieton
1082 3055 1193 3102 estalent
1214 3069 1247 3102 au

124 3116 242 3179 waning.
251 3117 279 3165 Li
290 3117 338 3165 dus
350 3119 381 3164 de
391 3119 567 3181 Boargongne
579 3124 605 3165 et
614 3118 723 3165 mesires
732 3118 863 3166 Thiebaus
873 3117 905 3164 de
918 3117 1025 3180 Chepoi,
1034 3117 1053 3164 li
1066 3116 1248 3164 connestables

125 3183 151 3225 et
162 3177 183 3226 li
197 3179 344 3227 mareschal
359 3182 451 3228 etleur
468 3197 532 3243 gens
543 3180 678 3228 couroient
692 3197 736 3227 sus
749 3181 787 3226 les
800 3180 931 3233 Flamens,
945 3179 1012 3226 mais
1023 3179 1094 3228 niens
1108 3195 1139 3226 ne
1152 3195 1179 3226 se
1193 3179 1248 3226 des-

125 3241 257 3289 routoient
271 3249 297 3290 et
314 3243 402 3290 tondis
420 3244 535 3306 geloient
557 3242 577 3290 li
594 3242 688 3305 angien
707 3244 730 3290 le
743 3259 791 3304 ray
806 3249 832 3289 et
844 3243 882 3290 les
895 3241 1059 3304 espringales
1072 3240 1208 3297 traiciant,
1223 3247 1248 3292 el

127 3303 202 3350 aussi
212 3305 336 3352 trnioient
348 3305 368 3352 li
381 3307 503 3353 Flamenc
516 3322 531 3352 a
548 3321 595 3352 nes
611 3321 685 3368 gens,
701 3312 727 3352 et
742 3311 815 3352 mout
833 3321 861 3352 se
878 3304 1054 3352 deffendcient
1064 3305 1083 3351 li
1096 3305 1218 3352 Flamenc
1233 3319 1248 3352 a

124 3372 186 3412 tons
202 3367 294 3414 chiaus
310 3369 353 3430 qui
368 3385 412 3415 sus
423 3369 480 3415 leur
490 3368 633 3417 cauroient.
646 3367 674 3415 Si
685 3369 758 3414 avint
770 3367 852 3414 k'ensi
865 3367 923 3414 k'en
935 3367 1014 3414 l'enre
1029 3367 1061 3414 de
1074 3383 1167 3422 nonne,
1180 3383 1248 3430 pour

124 3429 194 3474 ebou
209 3430 289 3492 quali
309 3431 403 3493 angien
420 3431 445 3478 le
460 3447 508 3493 roy
524 3429 731 3493 destraignoient
744 3437 803 3494 trop
816 3431 854 3476 les
867 3429 988 3476 Flamens
1004 3435 1029 3476 et
1045 3429 1103 3476 leur
1115 3429 1248 3492 portoient

125 3497 205 3553 grant
219 3491 339 3556 damage,
357 3493 377 3539 il
397 3493 497 3540 alerent
514 3508 543 3539 as
559 3491 667 3554 engiens
685 3499 709 3538 et
727 3509 758 3539 en
775 3492 882 3538 tolirent
901 3491 968 3554 iiij..
992 3498 1017 3538 et
1040 3499 1184 3554 cauperent
1208 3493 1246 3538 les

126 3554 219 3600 cordes
236 3553 282 3601 des
295 3556 460 3617 espringales
473 3554 630 3628 par-devant
643 3555 733 3602 chiaus
746 3553 790 3616 qui
807 3554 845 3601 les
857 3553 1011 3602 wardoient.
1024 3555 1059 3602 Ne
1072 3555 1190 3601 n'eurent
1202 3570 1247 3600 ens

125 3631 142 3662 u
162 3617 256 3664 retroit
269 3617 331 3680 qu'il
351 3618 428 3664 firent
451 3633 500 3664 mie
519 3617 631 3679 damage
651 3618 682 3664 de
695 3618 755 3680 plus
769 3617 800 3663 de
815 3616 866 3678 aij.
883 3633 1041 3680 personnae,
1058 3617 1080 3662 si
1099 3617 1214 3664 avait-on
1232 3632 1247 3663 a

127 3678 192 3726 faire
206 3694 221 3725 a
231 3685 289 3726 tous
298 3681 336 3726 les
346 3686 436 3727 contre
449 3696 505 3735 aus,
518 3687 542 3726 et
557 3686 628 3726 mont
639 3680 698 3726 leur
709 3685 845 3742 portarent
854 3695 885 3726 en
896 3679 982 3726 chelni
992 3686 1079 3741 tamps
1091 3677 1123 3726 de
1135 3678 1247 3741 damage

124 3741 144 3786 li
159 3741 240 3789 bidan
252 3739 284 3789 de
295 3742 353 3790 leur
367 3741 429 3789 ders
445 3742 508 3805 qa'il
521 3741 644 3804 getoient,
661 3749 685 3788 et
697 3744 785 3789 tarent
796 3742 815 3788 li
827 3741 916 3804 pieton
928 3741 970 3803 qni
986 3741 1054 3788 miex
1068 3757 1095 3788 se
1112 3747 1248 3804 portarent
1275 3758 1277 3764 ·

125 3818 156 3850 en
170 3804 195 3850 le
205 3803 323 3864 jaarnee.
341 3807 372 3852 Et
385 3810 467 3867 quent
483 3805 540 3851 vint
556 3821 590 3851 un
603 3821 654 3868 peu
671 3805 768 3851 devant
783 3804 903 3866 complie,
920 3803 938 3850 li
952 3803 1074 3850 Flamenc
1085 3803 1171 3850 virent
1184 3803 1247 3865 qu'il

126 3864 238 3914 estoient
250 3868 333 3914 moult
344 3867 474 3914 destraint
487 3873 513 3914 et
524 3867 587 3928 qu'il
600 3867 705 3914 avaient
719 3873 790 3914 toute
803 3867 902 3928 perdae
914 3867 971 3914 leur
984 3865 1074 3913 vitalle
1087 3871 1112 3912 et
1124 3871 1181 3913 tout
1189 3868 1248 3914 leur

127 3935 234 3986 harnes,
249 3930 271 3976 si
282 3931 359 3978 lirant
370 3930 444 4010 signe
456 3930 487 3976 de
498 3930 587 3992 parler
600 3945 628 3976 as
641 3945 705 3992 gens
715 3931 738 3976 lc
752 3945 807 3991 roy,
817 3935 842 3976 et
855 3945 871 3990 y
883 3930 924 3976 ala
935 3928 954 3974 li
965 3945 1048 3990 quens
1060 3928 1092 3974 de
1105 3929 1207 3984 Savoie,
1223 3935 1248 3976 et

127 3999 236 4054 reporta
253 4007 286 4038 au
303 4008 351 4054 ray
364 3992 427 4054 quil
441 4007 468 4039 se
481 3992 606 4038 metoient
620 3992 656 4038 du
668 3999 725 4039 tout
740 4008 770 4038 en
790 4007 818 4038 se
837 3991 949 4045 volente,
969 4007 1014 4037 ear
1032 3991 1051 4038 il
1070 3991 1174 4038 venient
1186 3991 1246 4038 bien

128 4053 191 4116 qu’il
204 4054 315 4102 esteient
329 4055 417 4102 encloe
430 4061 456 4102 et
468 4054 572 4101 avaient
587 4070 618 4100 eu
640 4061 713 4101 maut
727 4071 742 4100 a
759 4053 865 4102 soullrir
880 4055 904 4100 le
916 4053 1033 4115 jaarnee.
1049 4055 1080 4100 Et
1092 4054 1110 4099 li
1124 4069 1184 4115 roys
1197 4069 1247 4116 par

129 4115 258 4164 s'umelite'
277 4118 315 4164 les
336 4123 395 4163 cast
415 4117 485 4180 pris,
507 4117 573 4164 mais
591 4117 610 4164 il
628 4118 701 4165 sanle
719 4134 768 4179 que
786 4117 833 4164 che
855 4118 909 4163 last
925 4121 1054 4170 traisons,
1071 4131 1116 4162 cnr
1128 4122 1210 4178 quant
1223 4117 1247 4162 le

128 4178 249 4225 retraiste
265 4180 291 4226 lu
312 4179 373 4226 laite
395 4186 420 4226 et
438 4179 476 4226 les
490 4181 595 4242 paroles
614 4182 736 4241 aporte'es
754 4185 780 4226 et
795 4179 814 4225 li
828 4195 889 4241 roys
913 4180 938 4224 lu
957 4178 1104 4225 descendas
1126 4194 1194 4240 pour
1209 4179 1245 4225 lui

128 4240 279 4299 ralresehir,
293 4241 312 4288 li
325 4242 448 4288 Flamenc
460 4248 601 4290 coururent
614 4259 659 4289 sus
672 4258 701 4289 as
713 4257 777 4304 gens
790 4242 814 4289 le
827 4257 883 4304 roy.
898 4241 966 4288 Dant
977 4242 996 4288 il
1008 4241 1081 4288 avint
1092 4256 1141 4303 que
1156 4246 1213 4288 tout
1226 4241 1246 4287 li

129 4301 189 4366 plus
203 4310 280 4365 grant
296 4303 409 4362 homme,
429 4303 492 4352 hors
509 4305 533 4351 le
550 4320 598 4370 roy
616 4310 642 4352 et
662 4320 703 4352 ses
724 4306 814 4362 lieres,
838 4320 865 4352 se
883 4304 979 4352 minent
994 4319 1011 4352 a
1027 4303 1202 4352 desconfiture
1222 4310 1248 4350 et
