3178 5192
116 493 176 541 1302
493 493 642 542 innatus
659 492 855 542 GANDENSES
1205 494 1235 540 37

113 623 242 690 tenere,
264 610 371 676 libere
394 635 467 675 cum
490 609 646 675 omnibus
667 608 707 674 ad
729 634 785 675 eos
808 609 1056 698 pertinentibus
1077 608 1235 675 recedere

115 712 365 801 permittantur.
392 717 498 796 Quam
530 713 733 777 oblationem
757 713 924 778 lohannes
950 711 1094 776 libenter
1122 736 1235 778 susce·

114 815 208 903 pit¹;
227 814 315 880 unde
331 815 514 880 exercitum
530 813 572 878 de
589 814 698 878 insula
716 837 850 880 movens
866 837 981 879 versus
996 817 1143 880 Duacum
1160 839 1235 882 cum

114 916 272 983 Guidone
294 930 327 983 et
346 916 529 985 Wilhelmo
549 917 718 1006 proiectus
734 929 796 981 est.
819 915 905 982 Villo
925 930 1033 981 autem
1050 916 1235 983 Duacensis

114 1021 246 1085 favebat
261 1025 293 1087 ei
309 1019 426 1110 magis,
444 1044 543 1108 quam
560 1019 642 1110 regi,
662 1017 810 1108 exceptis
822 1018 938 1108 paucis
951 1014 1119 1087 Liliardi's.
1138 1019 1235 1088 Unde

113 1125 325 1202 Duacenses,
351 1121 581 1212 intelligentes
602 1121 856 1186 conventionem
877 1121 1103 1186 laetam-inter
1124 1121 1234 1212 ipsum

113 1240 146 1291 et
167 1227 372 1305 insulenses,
393 1225 492 1290 etiam
509 1222 658 1289 eamdem
675 1223 738 1288 sibi
759 1223 964 1289 obtulerunt.
985 1227 1033 1290 De
1057 1248 1121 1312 qua
1141 1225 1234 1289 obla·

113 1327 206 1394 tione
225 1329 334 1394 alacer
355 1327 493 1393 ell'ectus
517 1341 584 1402 est;
609 1326 735 1392 sciebat
759 1328 861 1406 enim,
881 1326 965 1391 insra
983 1327 1082 1391 breve
1101 1340 1234 1416 tempus

114 1455 229 1521 regem
250 1431 298 1497 eis
312 1454 507 1496 succurrere
523 1455 590 1494 non
606 1453 717 1519 posse.
738 1429 922 1495 Collocavit
948 1454 1029 1519 ergo
1051 1431 1233 1496 exercitum

113 1559 209 1599 suum
233 1534 267 1599 in
288 1534 416 1623 optimo
435 1534 510 1599 loco
532 1535 624 1622 juxta
648 1535 809 1610 Duacum,
827 1532 868 1597 ad
887 1531 1078 1597 distantiam
1092 1531 1233 1600 duorum

114 1635 362 1716 milliariorum,
388 1638 445 1724 qui
472 1648 608 1701 vocatur
642 1637 752 1701 Novus
777 1634 902 1726 Agger,
930 1659 1030 1723 super
1054 1635 1234 1699 t'ossatum‘2

112 1739 297 1829 quoddam,
315 1738 405 1828 quod
423 1737 613 1804 comitatum
631 1737 871 1803 Flandrensem
890 1737 977 1802 inter
993 1738 1074 1802 duas
1093 1737 1232 1826 paludes

113 1842 268 1907 muniens
284 1843 393 1931 ipsum
412 1841 564 1908 dividita
585 1840 977 1906 comitatuAtrebatensi.
1005 1843 1053 1905 De
1073 1865 1138 1928 quo
1159 1839 1232 1905 loco

111 1944 349 2024 Flandrenses,
374 1958 497 2010 terram
518 1943 772 2008 Atrebatensem
791 1943 1014 2024 incursantes,
1030 1943 1125 2032 plura
1140 1943 1231 2008 Atre-

111 2047 308 2112 batensibus
327 2047 511 2112 intulerunt
524 2046 656 2126 damna,
670 2059 784 2111 contra
803 2057 913 2110 tamen
927 2044 1129 2110 voluntatem
1143 2044 1232 2134 prin-

111 2151 225 2238 cipum
242 2175 391 2229 suorum,
410 2148 521 2214 villam
540 2149 661 2213 bonam
680 2148 766 2213 bene
782 2150 954 2226 munitam,
973 2172 1037 2237 que
1052 2149 1232 2214 vocabatur

112 2252 272 2331 Henines‚
293 2265 326 2318 et
341 2251 421 2316 olias
434 2251 554 2317 multas
565 2251 659 2317 villas
673 2264 877 2340 campestres
893 2264 1144 2317 concremantes
1155 2251 1179 2331 ³,
1199 2266 1232 2317 ct

110 2355 198 2420 bona
217 2355 251 2419 in
279 2355 327 2420 eis
352 2354 486 2420 iuventa
505 2354 685 2442 rapientes.
709 2345 752 2419 Et
768 2353 843 2418 ideo
859 2353 1041 2432 lohannes,
1062 2353 1179 2419 videns
1197 2355 1231 2418 in

110 2459 261 2523 exercitu
282 2481 341 2522 suo
362 2457 483 2522 multos
504 2481 577 2522 esse
593 2457 635 2521 de
655 2454 892 2522 communitate
910 2455 1056 2524 discolos
1077 2470 1109 2521 et
1122 2457 1230 2521 tedio·

110 2585 177 2639 sos,
200 2574 232 2625 et
249 2583 332 2648 quos
348 2585 479 2650 rapere,
498 2572 563 2624 tam
577 2560 619 2624 ab
635 2560 763 2638 amicis,
781 2584 879 2650 quam
896 2561 936 2624 ab
952 2557 1104 2624 inimicis
1118 2560 1229 2648 inopia

109 2661 236 2753 co'e‘git,
258 2675 335 2727 ante
356 2677 489 2752 tempus
512 2686 572 2751 per
586 2661 842 2728 conventionem
863 2662 1024 2751 prefixum
1049 2659 1229 2727 communi-

108 2777 196 2830 tates
221 2764 262 2829 ad
279 2767 415 2854 propria
436 2765 578 2842 remisit,
602 2765 749 2830 retinens
770 2789 882 2830 secum
900 2763 1021 2830 milites
1039 2777 1071 2828 et
1086 2765 1228 2853 armige-

109 2891 176 2946 ros,
197 2879 229 2932 et
246 2866 374 2955 aliquos
391 2867 432 2931 de
449 2866 630 2955 majoribus
648 2867 800 2932 villarum
817 2865 880 2930 sibi
894 2865 1020 2932 fideles.
1044 2867 1120 2930 Fuit
1139 2867 1228 2931 enim

108 2969 312 3034 certificatus
325 2995 386 3058 per
396 2969 636 3059 exploratores,
654 2970 744 3060 quod
762 2994 820 3035 rex
835 2969 1017 3034 exercitum
1038 2983 1227 3060 competen-

108 3086 175 3138 tem
194 3085 270 3136 ante
286 3072 411 3137 dictum
430 3085 563 3162 tempus
579 3097 644 3136 non
660 3085 791 3161 poterat
807 3095 1024 3162 congregare.

153 3174 250 3240 Circa
271 3175 415 3240 medium
431 3175 590 3264 Augusti,
612 3187 755 3240 castrum
773 3175 948 3240 Insulense
968 3188 1000 3239 et
1018 3175 1224 3254 Casletense,

109 3291 140 3342 et
155 3277 233 3343 villa
250 3276 435 3343 insulensis
448 3290 481 3343 et
497 3277 701 3342 Duacensisl
719 3302 792 3342 curn
804 3277 984 3342 territoriis
1000 3277 1068 3342 suis
1084 3281 1226 3346 iohanni

110 3379 239 3445 reddita
258 3393 347 3459 sunt,
363 3381 519 3445 omnibus
534 3381 624 3445 exire
641 3378 903 3445 Flandrensibus
918 3380 1105 3450 volentibus
1121 3382 1227 3448 libere

138 3669 160 3718 1.
180 3668 265 3716 L'acte
282 3669 313 3716 de
335 3670 360 3717 lu
384 3669 557 3744 capitulation
576 3671 608 3718 de
625 3672 700 3726 Lille,
716 3671 776 3718 date
789 3672 825 3719 du
844 3673 859 3719 6
876 3672 943 3719 avril
956 3672 1024 3734 1302,
1039 3674 1162 3737 estpubl.
1177 3691 1226 3738 par

110 3730 340 3782 Biturs-Lamnus
352 3739 378 3780 et
390 3733 446 3780 Ehe
458 3733 544 3790 Banu,
553 3738 598 3781 Les
612 3740 666 3796 sept
676 3734 757 3798 ridges
767 3733 799 3782 de
809 3733 880 3791 title,
893 3751 917 3798 p.
933 3736 1017 3782 89-91.

138 3793 159 3841 2.
178 3793 200 3840 11
223 3793 300 3867 s'ugit
320 3793 354 3842 do
374 3795 669 3858 Boulenrieu(Bulliens
689 3795 781 3860 rivus).
803 3813 836 3843 ou
857 3798 1010 3860 Neai-losse
1033 3798 1094 3860 plus
1116 3799 1176 3846 tard
1199 3801 1225 3847 la

108 3854 326 3964 {gille-Rima,
351 3857 455 3906 modifit
476 3875 509 3906 au
529 3869 573 3906 xv·
593 3875 627 3911 on
645 3873 678 3906 au
696 3869 750 3908 xvi·
768 3859 845 3908 siecle
861 3873 894 3908 uu
911 3859 990 3922 profit
1009 3858 1040 3908 de
1057 3860 1178 3925 l¹ubbaye
1193 3863 1224 3910 de

139 3933 203 3965 mes.

136 3981 159 4026 3.
179 3997 191 4026 o
205 3981 237 4028 Et
247 3981 306 4043 puio
320 3981 341 4028 sl
350 3989 440 4029 arsent
448 3982 549 4029 Hennin
561 3987 587 4030 et
596 3983 634 4030 les
648 3982 713 4031 viles
723 3990 825 4039 entonr,
839 3983 917 4030 tressi
928 3999 943 4030 a
954 3985 1055 4032 Balluel
1065 3985 1223 4050 (Bailleul).u

108 4041 251 4106 Chroniqoe
260 4043 411 4098 arteriarum,
425 4044 499 4107 publ.
510 4060 560 4108 par
570 4045 605 4092 De
616 4046 696 4103 Smet,
709 4047 749 4100 tv,
763 4047 817 4094 477.

138 4105 161 4150 t.
179 4105 244 4153 Jean
255 4106 286 4154 de
297 4106 396 4154 Namur
410 4105 472 4154 erait
484 4109 556 4154 entre
568 4112 583 4154 t
597 4108 679 4156 Douai
693 4110 717 4156 le
729 4109 758 4156 12
772 4111 842 4166 notit,
855 4124 956 4156 comme
969 4125 1000 4158 en
1012 4109 1174 4172 temolgnent
1186 4111 1224 4158 les

109 4172 178 4213 actes
191 4167 254 4232 qu'il
266 4185 283 4231 y
295 4168 381 4215 donno
394 4167 432 4216 les
448 4169 477 4216 12
494 4177 518 4216 et
532 4171 561 4216 13
577 4176 646 4225 aeut,
661 4176 686 4217 et
699 4171 742 4234 qui
758 4178 817 4218 sont
829 4171 1012 4220 aetuellement
1022 4175 1161 4220 conserves
1174 4189 1225 4220 aux

109 4227 227 4278 erehives
240 4230 271 4277 de
283 4231 309 4278 la
322 4231 384 4278 ville
397 4231 428 4278 de
446 4231 538 4286 Douai,
554 4232 578 4278 le
593 4232 707 4296 premier
724 4249 755 4281 en
766 4233 840 4297 copie
855 4233 890 4282 do
903 4245 957 4282 x1v⁰
971 4252 1002 4292 s.‚
1020 4235 1086 4282 dans
1097 4235 1121 4282 le
1133 4241 1224 4283 curtu-

106 4289 170 4338 laire
181 4291 214 4339 du
230 4292 378 4356 beguinoge
393 4293 424 4340 de
440 4293 616 4358 Chamlleury,
633 4295 709 4345 arch.
727 4312 822 4344 comm.
841 4295 932 4350 Donni,
946 4296 1000 4352 GG.
1015 4297 1040 4346 la
1059 4303 1110 4344 ette
1124 4297 1183 4351 190;
1199 4297 1222 4344 le

110 4354 203 4403 second
219 4370 250 4402 en
265 4355 378 4420 original
392 4356 479 4415 scelte,
493 4356 590 4406 invent.
609 4374 700 4408 eornm.
721 4359 806 4415 atim
821 4359 855 4408 cl.
873 4358 970 4410 invent.
992 4360 1023 4407 de
1038 4315 1127 4418 litare,
1142 4376 1166 4427 p.
1183 4361 1221 4408 75.
