2934 5024
181 108 244 156 1306
565 106 713 154 innatus
731 106 925 155 GANDENSES
1276 109 1305 153 89

178 223 325 314 mingis,
348 237 443 288 erant
458 223 580 289 milites
602 237 755 287 nontam
785 247 905 311 magne
931 222 1168 312 reputationis,
1187 222 1305 288 videli-

175 338 236 390 cet
265 327 435 391 lohannes
463 329 570 405 Knuc,
602 326 749 415 prudens
776 338 809 388 et
831 326 1000 388 animosus
1026 324 1121 388 miles
1150 324 1191 390 de
1217 337 1304 391 terra

173 429 379 507 Brabantie,
399 430 568 512 lohannes
584 428 626 492 de
644 429 825 502 Scornaco‚
843 427 1013 490 Gerardus
1032 426 1073 490 de
1092 428 1302 515 Zottegliem,

173 530 386 595 castellanus
411 530 600 596 Gandensis
636 544 668 594 et
693 531 863 595 Gerardus
887 531 1035 593 Maurus.
1067 529 1125 594 lsti
1150 543 1302 617 quatuor,

173 631 231 696 vel
256 633 458 721 quandoque
478 646 546 696 tres
570 631 620 696 vel
647 633 730 712 duo,
755 655 829 696 cum
855 631 1129 719 procuratoribus
1154 631 1303 695 villarum

172 733 341 799 Flaudrie
358 735 398 798 ad
413 737 539 799 curiam
556 735 645 822 regis
662 747 695 797 et
711 734 916 822 parlamenta
937 733 1042 821 ipsius
1064 747 1302 822 properanteS,

174 837 303 924 partim
322 837 433 914 minis,
456 838 575 925 partim
598 835 831 900 fraudulentiis
848 851 880 901 et
896 835 1027 901 astutiis
1046 837 1246 901 arbitrorum
1264 859 1304 898 ex

174 954 278 1026 parte
304 941 406 1028 regis,
437 939 612 1027 qnamdam
638 939 782 1003 litteram
812 939 1062 1026 sigillaverunt,
1096 939 1301 1016 nescientes,

176 1041 264 1128 quid
281 1042 313 1104 in
335 1065 372 1104 ea
394 1043 554 1130 scriptum
574 1055 660 1117 erat,
683 1040 716 1104 in
740 1065 804 1129 qua
825 1042 1084 1106 continebantur
1103 1041 1204 1105 multa
1224 1064 1304 1104 con-

177 1143 283 1208 traria
313 1143 525 1207 libertatibus
541 1144 807 1232 Flamiugorum‚
838 1155 955 1231 etque
978 1143 1076 1207 etiam
1097 1143 1304 1208 excedebant

182 1245 320 1309 formam
338 1245 442 1333 pacis,
458 1269 522 1334 que
541 1247 589 1310 eis
605 1249 698 1334 juxta
714 1246 843 1310 lnsulas
863 1245 1005 1310 dabatur
1025 1245 1170 1333 intelligi
1183 1247 1206 1309 ¹.
1228 1245 1305 1309 Fuit

182 1349 272 1410 enim
302 1347 336 1411 in
375 1372 411 1410 ea
442 1347 617 1436 scriptum,
655 1348 981 1435 quodmunitiones
1004 1373 1119 1412 onrnes
1142 1349 1305 1412 deberent
1383 1376 1385 1381 ’

182 1449 326 1532 destrui3
346 1451 435 1537 quod
458 1453 649 1540 Brugenses
674 1451 771 1514 etiam
796 1451 915 1514 darent
935 1450 998 1514 tria
1017 1451 1117 1514 millia
1139 1449 1302 1538 peditum,

183 1576 286 1640 super
317 1552 471 1640 proprias
496 1576 660 1640 expensas
685 1553 726 1616 de
750 1552 1017 1616 malefactoribus
1052 1553 1137 1630 suis,
1164 1552 1220 1639 qui
1244 1575 1304 1639 per

183 1678 283 1718 unam
305 1678 426 1718 annum
450 1669 578 1731 essent,
603 1654 736 1742 quando
757 1654 829 1744 regi
850 1653 1008 1741 placeret,
1033 1656 1063 1718 in
1091 1654 1304 1743 expeditione

183 1781 305 1845 guerre
330 1759 422 1832 suel,
453 1769 485 1821 et
512 1756 646 1844 quando
675 1755 856 1846 indigeret,
884 1769 917 1820 et
941 1758 1029 1845 qaod
1054 1770 1122 1821 tota
1148 1756 1302 1821 Flandria

184 1857 283 1922 simili
316 1858 415 1922 modo
436 1859 530 1923 daret
554 1858 617 1922 sibi
639 1872 813 1924 sexcentos
834 1860 1006 1947 equites33
1027 1860 1115 1947 quod
1137 1858 1253 1934 etiam,
1276 1858 1304 1922 si

184 1960 305 2048 aliquis
328 1960 584 2025 Flandrensium
606 1959 793 2025 offenderet
813 1961 1007 2026 notabiliter
1024 1960 1057 2024 in
1077 1960 1186 2049 aliqua
1210 1960 1304 2024 villa-

184 2087 254 2125 rum
289 2062 445 2128 Flandrie
475 2062 619 2151 aliquem
651 2063 693 2127 de
725 2064 947 2127 servientibus
977 2076 1009 2126 et
1043 2063 1165 2127 familia
1197 2061 1301 2153 regis,

183 2164 293 2228 statim
309 2164 363 2228 illa
377 2164 452 2229 villa
469 2178 558 2229 esset
574 2166 635 2229 sub
649 2165 877 2252 ecclesiastico
898 2166 1076 2230 interdicto
1087 2167 1112 2242 4,
1136 2178 1168 2229 ct
1188 2188 1304 2228 omnes

185 2267 330 2337 faventes
356 2267 403 2331 illi
424 2267 597 2357 Flamingo
625 2281 736 2333 essent
759 2267 1048 2333 excommunicati.
1076 2268 1178 2333 Multa
1205 2269 1303 2332 etiam

184 2369 330 2435 enormia
347 2370 408 2434 alia
437 2370 569 2433 fuerunt
594 2372 625 2434 in
652 2394 688 2434 ea
710 2371 916 2458 conscripta,
940 2383 971 2434 et
992 2395 1051 2458 per
1068 2372 1202 2435 modum
1223 2369 1304 2434 dicti

184 2473 251 2536 sive
285 2471 450 2537 sententie
477 2485 551 2535 octo
578 2472 791 2536 arbitrorum.
831 2474 902 2553 Que
928 2472 1038 2536 littera
1072 2497 1145 2536 cnm
1189 2472 1305 2536 suisset

184 2575 476 2638 communitatibus
507 2576 726 2652 manifestata,
753 2574 891 2639 multam
914 2588 991 2638 sunt
1015 2574 1084 2638 suis
1110 2575 1245 2638 arbitris
1272 2588 1305 2638 et

184 2676 456 2763 procuratoribus
485 2676 718 2764 indignantes,
749 2677 1004 2764 respondentes,
1023 2678 1167 2765 seprius
1187 2700 1303 2740 (inanes

184 2779 284 2855 mori,
310 2792 486 2866 antequam
513 2803 548 2842 se
571 2779 738 2842 addictas
760 2779 958 2844 servilitates
989 2779 1187 2867 obligarent,
1215 2778 1302 2844 unde

214 3082 235 3129 1.
255 3081 289 3127 Ce
311 3081 436 3143 pretendu
457 3081 533 3127 truitc'·
551 3081 581 3127 do
602 3083 674 3134 Lillr,
691 3082 885 3144 gatrieralemeat
902 3082 939 3128 dit
965 3083 996 3128 do
1015 3084 1168 3144 llarquette,
1191 3082 1231 3128 n'u
1254 3098 1303 3144 pus

184 3143 271 3191 existe.
286 3143 324 3190 Cl.
337 3142 431 3189 l'etude
445 3147 584 3191 consueree
597 3147 611 3191 d
625 3150 690 3191 cette
700 3145 818 3206 question
838 3145 903 3190 dans
914 3146 951 3191 les
963 3145 1186 3205 Melangesllavet,
1202 3161 1228 3206 p.
1244 3147 1302 3192 tta-

184 3209 220 3251 58.
235 3232 263 3242 -
279 3205 299 3252 ll
313 3205 391 3266 s'ngit
403 3205 468 3251 dans
486 3206 524 3251 les
541 3207 626 3268 lignes
641 3207 773 3253 sulcantes
787 3206 821 3252 du
835 3207 937 3254 celebre
950 3209 1027 3253 truite
1043 3207 1301 3269 d'Athis-sur-Orge,

185 3268 260 3314 seelle
273 3284 303 3314 en
317 3267 374 3329 juia
392 3268 461 3314 1305.
481 3268 565 3315 L'urte
584 3275 624 3315 est
642 3269 732 3330 publia
750 3285 798 3331 pur
815 3271 848 3315 ll.
863 3268 1057 3316 Gilliodts-Van
1073 3273 1192 3315 severeri.
1207 3272 1301 3315 lavent.

184 3329 226 3375 des
241 3329 363 3376 irretirer
373 3330 404 3374 de
414 3330 440 3376 la
452 3348 472 3376 ν,
485 3330 516 3375 ‹le
529 3333 634 3393 Bruges,
650 3332 669 3383 l,
684 3333 783 3378 278-89.

214 3393 236 3438 2.
255 3393 289 3439 Ge
302 3392 377 3455 point
388 3391 453 3438 n'est
464 3408 511 3454 pus
523 3400 604 3439 exuet.
616 3394 723 3455 D'opr'es
732 3394 755 3439 le
768 3392 845 3440 truite
858 3392 968 3446 dttrhis,
982 3393 1020 3438 les
1032 3392 1159 3454 Brugeois
1172 3391 1302 3448 devuient,

184 3469 213 3500 en
226 3454 358 3516 expiation
371 3453 417 3500 des
432 3454 555 3511 Matines,
573 3471 687 3517 enroyer
700 3456 764 3502 trois
781 3455 851 3501 mille
864 3455 909 3500 des
926 3455 996 3501 lours
1011 3483 1037 3489 —
1054 3459 1068 3500 a
1082 3454 1204 3516 designer
1218 3471 1266 3516 par
1280 3456 1303 3502 le

186 3515 230 3562 lloi
242 3543 272 3552 --
287 3531 317 3562 en
331 3515 491 3578 pelerinuge.

213 3581 227 3625 3
255 3595 267 3624 a
289 3579 320 3626 Et
339 3593 467 3640 uvocques
481 3595 518 3630 oe,
536 3579 599 3625 ledit
611 3586 684 3626 notre
703 3579 768 3626 sires
789 3579 807 3625 li
819 3579 880 3626 Rois
894 3595 957 3625 auru
981 3580 1026 3624 des
1047 3579 1168 3625 Flamens
1189 3579 1225 3624 sis
1242 3594 1303 3625 sena

185 3639 273 3747 pomos
286 3641 427 3750 dr'lprmcsda
439 3641 474 3750 hil
489 3641 573 3688 servir
583 3658 616 3688 uu
630 3646 703 3695 unde,
715 3658 747 3688 uu
761 3643 826 3695 leur,
845 3658 876 3687 en
890 3642 1000 3703 quelque
1013 3641 1063 3688 lieu
1078 3657 1127 3703 que
1138 3641 1155 3687 il
1168 3657 1198 3686 en
1212 3656 1276 3687 nuru
1288 3658 1303 3688 a

196 3703 283 3750 alren.
321 3703 385 3749 ruite
419 3704 455 3749 'At
477 3703 506 3750 ie.

213 3767 235 3812 l.
254 3767 367 3813 lnexuct.
378 3770 411 3812 Le
426 3767 501 3812 traite'
514 3765 614 3812 d'athts
628 3792 655 3801 -
669 3765 758 3873 redige
768 3782 798 3812 en
812 3766 867 3812 cela
881 3781 927 3812 sur
939 3765 962 3811 lc
978 3765 1079 3812 mod'ele
1091 3764 1125 3810 du
1139 3764 1215 3810 vicux
1224 3765 1303 3812 truite

185 3825 214 3872 de
227 3828 321 3876 Melun.
337 3828 427 3873 conr-ln
441 3835 513 3874 entre
528 3828 565 3873 les
581 3844 658 3873 rours
677 3827 707 3872 de
748 3844 824 3873 rnnee
836 3835 861 3874 et
877 3827 907 3872 de
925 3827 1035 3874 Flnndro
1053 3843 1082 3871 ιιι
1098 3827 1198 3872 tt‘tss-
1213 3843 1302 3872 mena-

185 3889 234 3996 puit
243 3890 411 3962 siruplement
423 3890 698 3937 d'excommunieation
712 3906 775 3936 ιτιιιιι
786 3892 828 3953 qai
844 3891 1048 3936 enlrmndraiont
1061 3891 1098 3936 les
1111 3888 1259 3934 conditione
1271 3891 1303 3936 de

195 3968 208 3996 a
221 3967 289 4016 pnix.
