3154 5190
111 474 176 521 1303
492 473 640 523 inultus
658 467 854 522 thoonsus
1203 473 1233 521 4³

110 588 220 669 sraoti,
243 591 333 679 quod
345 573 534 679 'numquam
550 590 733 680 Flamingis
749 613 871 654 nocere
888 582 1024 678 poterit,
1041 589 1107 653 nisi
1123 575 1240 659 denuo·

110 706 298 781 reparetur.
318 692 449 758 Dicitur
466 690 623 756 domiuus
645 693 686 757 de
701 692 905 771 Aldenardo,
919 693 976 781 qui
994 683 1065 756 eain
1081 692 1230 768 munivit,

109 819 189 859 avus
211 794 337 860 domini
354 808 433 859 tuno
451 797 553 883 oapti,
579 795 717 874 dixisse,
740 794 831 883 quod
857 816 1036 882 numquam
1058 783 1232 874 Lessinum

109 896 275 962 violenter
298 911 485 987 caperetur,
506 897 612 962 donee
633 917 712 962 ao'ca
741 923 802 986 pro
828 920 963 962 nummo
987 908 1174 973 emeretur3
1189 891 1239 960 ‘et⁴

109 999 234 1064 evenit.
265 1002 347 1065 Nam
375 999 599 1064 Flandrenses
622 1002 691 1065 lere
719 1024 778 1089 per
806 1012 908 1064 totam
936 999 1232 1088 Quadrageslmam

109 1123 183 1165 eam
208 1098 421 1181 obsidentes,
453 1098 485 1166 in
513 1102 626 1168 ultima
649 1100 880 1167 hebdomada¹
905 1101 1011 1189 ipsam
1040 1099 1233 1164 obtinentes

108 1202 362 1269 destruxerunt.
377 1205 541 1293 Raptores
560 1217 668 1269 autem
686 1227 800 1269 eorum
817 1203 1003 1268 Hauoniam
1024 1205 1233 1267 incursantes
1277 1193 1287 1206 ⁸

108 1304 274 1394 plurimas
288 1320 472 1394 rapuerunt
493 1307 707 1395 aucas,'quas
724 1306 765 1371 ad
785 1305 967 1372 exereitum
990 1329 1086 1371 suunt
1114 1329 1240 1392 reporw

109 1420 233 1482 tantes,
247 1407 324 1497 quia
338 1422 470 1498 tempus
487 1433 553 1476 non
571 1423 641 1474 erat
659 1399 924 1484 edendiearnes,
945 1430 1024 1497 sepe
1039 1421 1073 1472 et
1091 1407 1234 1472 libenter

108 1506 296 1598 quamlibet
312 1535 374 1600 pro
393 1535 458 1576 uno
476 1514 663 1600 parisiense
681 1511 907 1576 vendiderunt
919 1511 942 1575 2.

151 1611 249 1677 Ciroa
264 1613 355 1678 istud
371 1627 515 1702 tempus,
532 1613 735 1682 Wilholmus
756 1608 966 1690 Juliaeensis,
982 1613 1038 1702 qui
1051 1610 1241 1676 exereitum«

110 1739 271 1804 rnrrgnum
289 1717 322 1780 in
346 1716 544 1781 occidentali
571 1715 726 1781 Flandria
744 1729 1025 1806 congregaverat,
1046 1715 1078 1779 in
1101 1714 1234 1779 Casleto

110 1817 249 1894 resedit,
286 1819 468 1906 statuitque
500 1819 675 1907 pueriliter
698 1831 732 1882 et
764 1817 960 1895 indiscrete,
982 1841 1018 1882 ao
1047 1816 1234 1905 incongruo

83 1978 85 1982 .
108 1919 563 2012 tempore,-solidarios·regis
578 1934 612 1985 et
621 1921 729 1986 villam
743 1919 1054 1986 Sancti·rludomari
1069 1905 1238 2006 latamque·

108 2035 141 2085 et
157 2020 285 2110 optime
303 2022 462 2087 munitam
479 2023 788 2112 oppugnareelrke,
804 2022 935 2088 scilieet
952 2021 1031 2087 feria
1050 2020 1177 2111 quinta,
1198 2019 1233 2084 in

110 2148 193 2188 uena
222 2123 397 2202 Domini33
422 2125 574 2214 premisit
597 2149 677 2216 ergo
704 2127 737 2190 in
766 2147 861 2190 mane
880 2128 1065 2214 Yprenses,
1092 2123 1151 2211 qui
1178 2145 1240 2186 ve·-

110 2224 242 2291 nientes
255 2229 348 2314 juxta
365 2227 776 2307 Sanetumssrludomarum,
795 2227 905 2292 villam
920 2227 963 2290 de
980 2226 1069 2290 rlrlie
1086 2247 1232 2314 campes-

109 2341 207 2406 trem,
229 2342 341 2393 tamen
366 2329 555 2416 aliqualiter
576 2343 689 2394 eontra
709 2353 766 2394 eos
788 2331 965 2406 munitam,
989 2328 1054 2392 sibi
1073 2327 1233 2392 resisten-

108 2443 177 2494 tem
195 2455 268 2494 cum
289 2430 455 2496 solidariis
475 2431 564 2520 regis
582 2431 771 2520 peditibus,
789 2432 1014 2496 invenerunt:
1034 2425 1131 2518 quam
1151 2428 1233 2493 viri-

109 2532 187 2596 liter
200 2532 394 2598 invadentes
406 2533 582 2598 solidarios
594 2535 708 2619 lugere
727 2535 973 2622 compulerunt,
992 2533 1103 2598 villam
1120 2532 1233 2596 incen-

110 2636 242 2698 dentes.
281 2637 362 2699 Post
389 2637 570 2724 Yprenses,
603 2637 643 2699 ad
672 2635 863 2700 distantiam
890 2635 991 2700 unius
1021 2635 1109 2698 bone
1140 2633 1233 2698 leuce

109 2749 274 2801 venerunt
306 2739 494 2828 Bergenses
529 2760 644 2802 versus
679 2736 1095 2804 Sanctum-Andomarum.
1127 2740 1232 2819 'Quos

107 2839 261 2928 vagando
288 2853 321 2904 et
345 2840 479 2905 incaute
505 2839 713 2918 incedentes,
740 2865 777 2904 ao
802 2841 1002 2928 improvisos
1029 2837 1179 2903 debello
1202 2849 1233 2901 et

110 2941 333 3020 inordinatos,
369 2957 513 3008 semotos
544 2943 642 3007 etiam
674 2944 715 3007 ab
737 2942 948 3032 Yprensibus
976 2955 1011 3006 et
1034 2941 1231 3019 Wilhelmo,

141 3205 164 3252 l.
184 3205 263 3251 Entre
275 3205 299 3251 le
309 3206 337 3252 31
353 3222 423 3252 vnars
437 3212 462 3252 et
474 3207 496 3252 le
510 3208 523 3252 7
535 3205 602 3253 avril
615 3207 684 3253 1303.

141 3269 165 3315 2.
183 3267 220 3314 La
241 3267 385 3331 Chronique
402 3269 545 3316 artesienne
564 3274 670 3316 recente
685 3269 709 3315 le
729 3267 800 3332 si'ege
818 3267 849 3314 de
867 3266 987 3315 Lessines
1002 3283 1032 3314 en
1050 3282 1093 3313 nes
1112 3271 1231 3313 termes:

112 3329 193 3376 «Car
210 3331 319 3376 mesires
341 3331 438 3378 labans
452 3331 483 3378 de
500 3331 599 3378 Namur
614 3338 639 3378 et
662 3330 771 3381 mesires
791 3331 862 3392 Guys
880 3347 921 3378 sos
939 3332 1020 3377 lreres
1041 3334 1066 3377 et
1082 3329 1151 3376 eheu
1169 3327 1243 3406 qu'il¹

112 3398 222 3452 ponrent
234 3391 308 3439 avoir
320 3392 353 3439 de
367 3393 512 3442 chevaliers
525 3399 550 3440 et
566 3393 597 3440 de
611 3393 747 3441 soudolers
759 3397 785 3439 et
801 3393 832 3438 de
846 3407 910 3454 gens
921 3393 966 3440 des
980 3391 1070 3439 hoines
1087 3391 1151 3438 viles
1167 3407 1232 3437 ses-

61 3501 66 3512 ,
111 3454 193 3500 taient
205 3455 268 3500 trnit
282 3471 298 3502 a
308 3455 440 3502 Liessines
453 3463 479 3504 et
491 3463 584 3516 urgent
596 3471 627 3504 en
641 3456 666 3502 la
677 3462 747 3502 terre
757 3455 789 3502 de
802 3455 904 3501 Hainau
919 3453 987 3516 xxij.
1006 3453 1078 3500 viles.
1094 3455 1126 3500 Et
1138 3454 1164 3500 la
1176 3453 1233 3500 vint

111 3532 142 3562 en
154 3517 239 3578 l'ayve
251 3518 275 3564 le
294 3524 369 3564 conte
384 3518 415 3564 de
429 3519 519 3565 Henan
528 3513 641 3566 'mestres
658 3516 689 3564 de
703 3517 861 3573 Chastillon,
876 3516 1043 3564 connestuble
1056 3516 1087 3563 de
1105 3515 1232 3578 Frauuhe,

112 3586 137 3625 et
149 3577 221 3626 avoit
233 3579 251 3626 li
264 3596 347 3642 quens
358 3577 389 3626 de
403 3581 492 3627 Henau
507 3576 611 3627 semoris
620 3587 678 3628 tons
693 3595 734 3626 ses
747 3580 874 3628 hommes.
886 3580 916 3625 Et
926 3585 1008 3642 quant
1020 3579 1038 3625 il
1052 3579 1161 3625 deuretrt
1174 3578 1233 3624 ehe-

112 3641 238 3690 vauohier
256 3649 282 3689 et
300 3642 441 3704 aprocbier
457 3644 496 3691 les
513 3644 634 3692 Flamens
655 3643 700 3706 qui
722 3642 833 3690 estnient
856 3641 953 3688 devant
973 3640 1113 3698 Liessines,
1139 3640 1156 3687 li
1181 3640 1233 3688 sire

112 3703 238 3766 d'Engien
252 3711 277 3750 et
287 3703 306 3751 li
320 3704 386 3751 sires
400 3703 407 3767 [
610 3705 619 3768 ]
639 3704 725 3752 disent
735 3721 768 3753 au
781 3711 855 3750 conte
869 3703 899 3750 de
912 3703 1001 3750 llenau
1014 3719 1064 3810 que
1081 3703 1105 3749 le
1121 3719 1189 3750 were
1202 3717 1233 3748 ne

113 3781 140 3811 se
152 3767 270 3813 mouvoit
282 3765 333 3813 mie
346 3783 414 3829 pour
433 3783 493 3822 aus,
511 3767 619 3814 anohois
636 3765 804 3814 estoitmute
822 3781 890 3829 pour
908 3766 932 3812 le
950 3781 997 3827 roy
1032 3782 1045 3812 e
1060 3765 1184 3812 Franehe.
1206 3763 1234 3810 si

113 3827 199 3875 dirent
220 3829 283 3892 qu’il
303 3829 434 3876 n'avoient
450 3829 501 3876 mie
518 3830 606 3877 consel
623 3829 654 3876 de
671 3830 812 3877 nombatre.
835 3827 919 3875 Adont
935 3826 1055 3876 rewardn
1073 3827 1186 3890 liquens
1201 3826 1234 3872 de

114 3890 203 3939 llenau
216 3907 266 3953 que
283 3891 336 3938 nhil
353 3891 371 3937 li
392 3891 503 3938 estoient
517 3891 560 3937 lali
575 3891 672 3954 etqu'il
687 3907 718 3938 ne
737 3891 755 3938 li
776 3891 920 3937 nideroient
935 3889 1024 3998 point.
1048 3907 1079 3936 ne
1093 3889 1151 3936 leur
1168 3903 1233 3952 gens

113 3953 194 4009 aussi,
206 3954 370 4016 quiestoient
381 3954 440 4002 bien
453 3963 503 4002 ,1¹¹2
517 3954 645 4010 hommes,
658 3970 708 4017 que
718 3969 733 4000 a
748 3952 812 4016 piet,
825 3969 875 4016 que
890 3969 905 4000 a
920 3968 934 3998 e
955 3953 1021 4002 evol.
1036 3953 1234 4002 trudonenses

113 4014 130 4060 li
143 4030 226 4077 quens
244 4015 275 4062 de
294 4017 384 4062 Hennu
395 4032 444 4078 que
457 4015 509 4063 cbil
524 4015 657 4062 s'estoient
669 4015 736 4063 trive
754 4015 790 4078 .ij.
804 4032 850 4062 uns
862 4031 890 4062 as
904 4015 1038 4072 Flamens;
1052 4015 1073 4062 si
1087 4031 1114 4062 se
1127 4013 1235 4061 retr-aiat

114 4082 138 4123 et
145 4078 201 4125 s'en
213 4077 270 4124 vint
280 4093 339 4124 vers
352 4078 558 4125 Valenehiermes
571 4083 596 4124 et
607 4077 626 4124 li
635 4079 757 4127 Flameno
771 4078 872 4140 prisent
882 4077 1012 4124 Liessinrs
1027 4093 1077 4141 par
1090 4075 1232 4132 rondltlon,

114 4144 139 4184 et
152 4145 233 4214 quant
242 4138 261 4186 il
273 4141 359 4187 forent
375 4155 406 4187 en
422 4141 446 4187 le
466 4140 525 4196 vile,
544 4139 564 4186 si
580 4140 720 4188 reuberent
734 4146 791 4186 tout
812 4147 837 4188 et
857 4139 951 4186 miserit
962 4141 986 4186 le
999 4147 1061 4203 gent
1074 4157 1087 4186 u
1101 4140 1195 4202 l'espee
1209 4146 1235 4185 et

115 4201 231 4249 ardrrent
253 4203 277 4248 le
301 4203 352 4248 vile
376 4209 401 4250 et
423 4203 500 4250 firent
520 4209 599 4265 grant
617 4209 700 4250 waast
721 4220 737 4249 u
757 4207 825 4266 puts.
847 4219 858 4247 n
883 4199 951 4250 Bibl.
973 4219 1029 4267 roy.
1053 4207 1067 4248 ti
1088 4201 1231 4256 Bruxelles,

115 4279 164 4312 ms.
175 4265 316 4321 well-bl,
331 4266 348 4311 l.
362 4265 405 4312 20l
418 4275 451 4316 r⁰.

145 4327 167 4374 3.
186 4327 255 4386 130³,
270 4329 350 4375 lsatvr.
