3154 5190
117 450 178 508 tent
495 447 644 508 1111111118
662 446 857 509 ’8188118881
1205 446 1235 506 tt

115 588 207 654 runt,
228 601 263 640 se
282 599 349 642 non
371 575 615 654 intromiserat,
643 575 707 639 hoc
729 573 935 664 intelligens,
960 572 1175 640 mediatorem
1192 574 1234 638 de

114 689 254 744 tractatu
270 676 361 766 pacis
378 701 414 740 se
428 675 620 753 constituit,
638 674 872 740 etterminum'
887 674 1052 763 prelatum
1070 673 1233 742 redditio·

114 781 164 844 nis
181 779 257 844 ville
272 793 305 844 et
322 777 423 844 uestri
442 777 624 844 [usulensis
640 777 829 867 procuravit
846 777 1053 868 prolongari.
1071 778 1134 859 Qui
1151 777 1233 844 inte·

115 883 175 945 rim
196 906 271 946 cum
285 921 329 931 -
348 881 476 945 favente
493 880 558 944 sibi
578 883 648 944 Deo
668 919 711 928 —
731 879 876 969 plurimo
890 879 1005 948 labore
1021 892 1054 944 et
1070 879 1234 951 industria

114 1009 244 1075 magna,
265 984 441 1071 adjuvante
453 980 552 1048 etiam
573 981 614 1048 ad
632 981 696 1048 hoc
717 981 832 1070 regina
849 981 969 1063 Murio,
987 1007 1127 1051 noverca
1144 983 1234 1071 regis

113 1102 145 1151 et
170 1086 269 1152 amita
294 1111 368 1166 sue,
389 1109 453 1174 que
477 1085 525 1151 ibi
552 1098 641 1164 erat,
673 1098 784 1173 partes
808 1085 856 1150 sic
883 1084 1117 1164 concordavit,
1146 1084 1236 1173 quod

113 1190 336 1254 Flandrenses
348 1212 421 1255 cum
438 1211 517 1278 rege
535 1211 649 1276 pacem
662 1187 790 1254 firmam
801 1201 834 1252 et
846 1200 1039 1278 perpetuam
1058 1189 1233 1266 haberent,

113 1293 211 1358 salvis
221 1293 299 1370 vita,
312 1290 482 1368 membris,
500 1289 725 1368 libertatibus,
745 1290 988 1360 munitionibus
1001 1291 1083 1370 auis,
1101 1303 1134 1358 et
1146 1290 1235 1378 quod

114 1418 226 1459 eomes
245 1408 349 1459 totam
363 1407 487 1460 terram
504 1416 594 1456 suam
612 1393 742 1482 integre
758 1393 947 1473 rehaberet,
966 1431 1005 1448 ω-
1020 1393 1067 1461 sic
1088 1417 1235 1460 commu-

113 1496 276 1564 nitatibus
300 1497 443 1562 dabatur
466 1493 627 1584 intelligi,
653 1495 807 1584 -quod
833 1496 932 1560 etiam
958 1520 1074 1562 omnes
1095 1495 1234 1584 captivi,

114 1599 304 1688 ubieunque
321 1599 464 1666 fuissent
484 1597 590 1686 capti,
614 1621 655 1664 ex
675 1610 814 1686 utraque
835 1611 931 1686 porte
949 1599 1183 1678 redderentur,
1204 1611 1237 1662 et

114 1703 204 1791 quod
220 1703 327 1767 solum
349 1703 390 1768 dc
410 1702 551 1768 emenda
575 1699 768 1792 pecuniaria
793 1701 865 1790 regi
892 1700 1013 1779 fienda,
1043 1725 1107 1788 que
1127 1701 1236 1770 octiu-

114 1818 291 1894 gentarum
309 1805 492 1870 librarum1
519 1827 679 1868 summam
697 1827 764 1866 non
788 1803 982 1884 excederet,
1004 1803 1121 1872 arbitri
1140 1817 1234 1881 octo,

114 1922 258 1995 quatuor
271 1931 310 1971 ex
326 1920 420 1995 parte
437 1931 501 1973 una
514 1919 548 1971 et
563 1917 706 1994 quatuor
719 1929 760 1970 ex
774 1917 867 1992 parte
880 1905 996 1985 altera,
1014 1906 1235 1996 eligerentur;

114 2009 177 2073 hoe
198 2009 297 2074 etiam
318 2010 450 2086 addito,
471 2008 560 2098 quod
581 2032 642 2095 pro
662 2008 790 2072 honore
814 2005 902 2096 regis
924 2007 1081 2074 salvando
1102 2033 1159 2074 rex
1181 2032 1235 2074 ca·

114 2124 221 2177 strum
242 2124 275 2176 et
293 2111 404 2176 villam
423 2111 632 2177 Insulensem
650 2121 682 2174 et
702 2111 910 2176 Duaeensem
927 2135 1001 2176 cum
1020 2111 1088 2178 suis
1106 2111 1236 2176 territo·

114 2205 177 2279 riis
203 2214 384 2294 obtineret,
420 2214 516 2302 quasi
538 2214 573 2277 in
601 2212 709 2291 vadia,
744 2211 938 2276 doneesibi
965 2226 1055 2279 esset
1081 2213 1237 2281 dedicta

115 2315 255 2382 emenda
272 2315 421 2407 plenarie
443 2315 666 2394 satisfactum,
687 2315 776 2378 unde
794 2315 941 2380 secunda
957 2314 1012 2382 die
1031 2330 1108 2405 post
1121 2317 1236 2382 termi-

115 2443 195 2483 num
222 2419 387 2509 prefatum
412 2432 444 2484 et
473 2431 551 2507 post
576 2416 655 2481 solis
676 2439 842 2495 occasum,
868 2416 901 2483 in
926 2429 1068 2506 utroque
1089 2419 1236 2486 exercitu
1264 2419 1267 2428 ’
1338 2429 1342 2436 ’

114 2545 198 2609 pace
214 2521 326 2586 stabili
344 2521 559 2610 proclamata,
578 2532 611 2584 et
630 2520 665 2583 in
686 2517 833 2584 crastino
859 2515 1016 2609 Philippo
1040 2535 1184 2588 castrum
1205 2534 1237 2588 ct

113 2622 227 2687 villam
249 2624 456 2693 lnsulenseru
477 2622 685 2713 egrediente,
708 2634 742 2686 et
756 2623 893 2688 Francis
908 2646 957 2701 ea,
981 2637 1016 2688 ut
1029 2623 1156 2691 dictum
1172 2637 1235 2704 est,

114 2724 402 2816 ingredientibus,
426 2739 567 2814 uterque
587 2723 754 2791 exercitus
779 2749 853 2789 cum
877 2724 946 2790 suis
967 2725 1178 2815 principibus
1196 2727 1238 2792 ad

114 2827 251 2918 propria
267 2852 342 2894 cum
359 2852 479 2918 magno
494 2828 617 2918 gaudio
635 2826 828 2892 remeavitl.

145 3065 168 3114 1.
186 3065 261 3113 Lisez
274 3065 508 3127 «octingentorum
522 3061 667 3111 milliorum
678 3063 807 3114 librarum
824 3079 953 3114 summam
966 3081 987 3112 u.

146 3129 169 3176 2.
189 3129 258 3176 Tout
278 3127 332 3176 ceci
353 3134 393 3178 est
408 3127 518 3190 legende
535 3127 682 3193 populaire.
702 3127 736 3178 Le
753 3125 831 3174 traltt
848 3126 911 3178 dont
928 3127 1003 3189 par-le
1018 3127 1042 3174 le
1059 3127 1182 3182 minorue
1198 3130 1239 3178 u¹a

113 3189 210 3252 jamnis
225 3188 314 3237 existe.
327 3190 366 3247 V.,
380 3191 396 3236 11
408 3206 436 3237 ce
452 3189 528 3252 sajet,
548 3189 644 3240 l'etude
658 3187 764 3251 publiee
782 3205 828 3235 sur
839 3189 863 3236 le
881 3189 964 3236 Traite
973 3189 1005 3236 de
1018 3193 1161 3253 Marquette
1174 3192 1239 3239 dans

116 3251 153 3300 les
169 3250 300 3315 Malanga
309 3255 387 3300 navet
399 3251 493 3316 (Perit,
508 3253 577 3306 luas,
591 3251 664 3311 ln·8),
678 3267 704 3314 p.
722 3252 821 3298 tta-58.
838 3251 887 3298 Les
899 3254 1065 3304 tveuemeuts
1078 3251 1123 3316 qui
1136 3271 1240 3304 accom-

117 3317 262 3378 pagnbreut
280 3314 306 3362 18
321 3313 451 3364 redditiou
464 3315 496 3364 de
511 3315 577 3367 Lille
590 3319 649 3362 sont
668 3317 807 3386 supportes
823 3313 854 3361 de
876 3314 901 3361 la
917 3314 1032 3362 muniere
1044 3315 1070 3362 la
1082 3317 1144 3380 plus
1153 3324 1241 3366 exacte

135 3394 165 3424 ar
176 3378 203 3424 18
218 3375 362 3440 chronique
371 3376 528 3424 arte'ar'euue:
544 3394 556 3424 11
570 3377 602 3423 Et
630 3381 759 3423 uentvrnt
771 3376 794 3422 le
815 3376 930 3423 merkedi
945 3393 978 3424 811
996 3377 1077 3425 motin
1091 3385 1116 3426 et
1132 3379 1241 3427 meslres

116 3393 215 3490 leuans
228 3439 259 3488 de
272 3439 371 3490 Namuc
381 3439 420 3490 vit
429 3439 493 3502 qu'il
503 3439 576 3490 auoit
587 3393 631 3488 ruli
646 3455 661 3488 8
673 3438 741 3486 eheu
758 3437 822 3500 qu'il
833 3439 933 3489 cuidoit
945 3440 1019 3490 avoir
1032 3441 1079 3490 leit
1091 3441 1123 3490 de
1135 3443 1205 3504 uult,
1219 3443 1241 3492 si

117 3506 209 3550 euvoin
224 3518 269 3552 sur
282 3500 306 3549 le
318 3518 366 3565 pas
380 3501 403 3548 le
417 3501 540 3564 seigneur
549 3501 701 3548 d'Escornal
715 3517 729 3547 a
743 3500 929 3562 monseigueur
939 3501 1043 3559 Charle,
1055 3503 1139 3566 liques
1153 3503 1243 3552 laisolt

116 3564 140 3610 lo
151 3564 224 3619 weit,
239 3579 306 3626 pour
318 3563 391 3627 prior
403 3564 466 3627 qu'il
478 3563 581 3612 vausist
592 3563 699 3612 envoler
711 3563 735 3610 le
748 3562 798 3610 duc
811 3563 842 3610 de
854 3562 989 3620 Bralbant,
1004 3565 1028 3612 le
1042 3564 1092 3612 duc
1109 3567 1141 3613 de
1157 3567 1242 3615 Bour-

116 3626 305 3736 ttttttttt
314 3626 641 3752 ,tttltttsgttttttt
642 3625 1044 3752 1111115111Ῐιὲοῗῗῗῗίι
1053 3629 1243 3756 thttltgttt

116 3757 189 3812 gent.
199 3751 266 3802 Dent
278 3753 365 3800 lucent
377 3751 437 3800 ebes
451 3767 595 3814 personues
606 3751 785 3814 aperlemeut‚
800 3757 825 3800 et
838 3755 894 3800 taut
905 3759 1036 3802 mouerent
1044 3753 1083 3800 les
1094 3754 1242 3817 besongues

117 3818 189 3860 toute
199 3812 260 3875 jour
274 3819 299 3860 et
311 3829 360 3876 par
373 3829 414 3860 res
436 3813 458 3860 is
478 3820 504 3860 et
520 3830 569 3876 par
582 3813 753 3860 astenanobes
767 3813 843 3860 d'uue
856 3819 917 3876 part
930 3819 955 3860 et
970 3814 1081 3878 dentre,
1096 3817 1127 3863 ke
1142 3817 1161 3863 11
1178 3817 1243 3865 sires

117 3875 279 3933 d'llscornal,
290 3875 398 3923 meslres
409 3830 490 3923 dicere
499 3875 517 3924 ll
530 3875 610 3931 Mors,
625 3875 733 3922 mesires
747 3875 779 3922 de
788 3875 928 3940 Sotengien
939 3875 1080 3924 etmesires
1091 3877 1243 3927 Willaumes

117 3937 149 3984 ds
163 3937 310 4001 Mortalgne
323 3939 426 3986 vincent
436 3954 469 3985 811
482 3954 529 4000 roy
542 3944 568 3985 et
578 3939 664 3985 lucent
675 3938 824 4000 lonctamps
835 3939 951 3986 ensauls.
966 3940 998 3986 nt
1010 3955 1026 3987 8
1039 3939 1119 3988 l'euro
1132 3941 1163 3988 de
1174 3958 1244 3990 eom-

117 3999 172 4062 plie
189 4000 208 4047 il
230 4001 283 4048 s'en
301 4001 401 4048 alerent
420 4017 435 4047 8
457 4001 514 4047 leur
529 4007 584 4057 ost,
599 4000 727 4048 estoit-on
747 4007 820 4048 mont
840 4000 887 4048 liet
905 4000 937 4048 de
954 4001 1021 4048 chon
1034 4018 1083 4064 que
1095 4003 1120 4050 le
1135 4004 1244 4066 iouente

117 4061 198 4110 estoit
209 4066 315 4126 peseto,
329 4079 398 4126 pour
411 4062 478 4109 chon
496 4078 591 4126 queen
606 4062 694 4110 devoit
708 4061 784 4110 avoir
796 4063 820 4110 le
832 4061 884 4110 vile
897 4063 929 4110 de
943 4063 1018 4112 Lille.
1033 4065 1060 4112 Si
1074 4065 1146 4113 evint
1159 4083 1208 4129 que
1229 4084 1244 4115 a

118 4125 144 4171 la
162 4141 272 4188 vesprec
293 4125 402 4172 mesires
420 4126 503 4188 Loeys
524 4124 555 4172 de
571 4125 697 4182 Franche,
719 4125 737 4172 11
760 4125 810 4171 dus
830 4125 863 4172 de
887 4125 1078 4190 Bourgongne,
1102 4128 1120 4174 11
1141 4129 1191 4176 dus
1213 4129 1245 4176 de

119 4186 247 4234 Braibant
268 4194 293 4235 et
310 4187 328 4234 11
346 4203 428 4250 quens
449 4187 479 4234 de
498 4187 600 4245 Savoie,
613 4188 714 4236 alerent
729 4193 803 4235 outre
820 4187 845 4234 le
857 4203 915 4250 pes.
929 4190 962 4236 llt
978 4189 1087 4236 meslres
1105 4191 1203 4238 Jebans
1213 4192 1245 4239 de

117 4249 226 4303 Namur.
248 4250 358 4298 mesires
373 4249 534 4306 d'Esoornai,
550 4249 568 4296 11
586 4249 652 4297 sires
665 4251 697 4296 do
711 4250 860 4312 Sotengien,
877 4250 985 4298 mestres
1004 4251 1085 4300 (11818
1100 4253 1119 4299 11
1134 4253 1203 4300 Mors
1220 4260 1247 4302 et

119 4313 229 4360 mesires
242 4313 394 4360 Willaumes
406 4313 438 4360 de
449 4311 595 4374 Mortaigne
611 4314 697 4360 lurent
706 4312 814 4360 ensenle
826 4319 851 4360 et
864 4313 964 4376 prisent
975 4321 1056 4373 ucort,
1070 4315 1155 4378 liques
1168 4333 1244 4363 acors
