3178 5192
115 427 184 479 1302
406 461 411 470 ·
502 430 652 484 lunatas
670 433 864 486 cannenses
1154 419 1171 432 '
1213 441 1244 489 aa

114 563 190 615 tate
206 562 240 615 et
256 551 401 638 dampno
418 550 481 615 sibi
501 551 602 616 illatis
618 576 635 616 a
649 552 845 643 Flanringis‚
863 554 1028 643 simulque
1044 556 1239 636 ostendens,

115 652 151 716 in
169 654 328 718 omnibns
343 654 506 742 predictis
520 655 715 744 gravissime
732 656 833 721 lesam
855 681 928 722 esse
943 657 1071 748 regiam
1092 661 1242 748 majesta-

114 767 200 820 tem.
219 756 315 822 Unde
335 779 404 834 rex,
433 757 474 822 de
496 757 637 822 consilio
657 759 819 824 baronum
837 773 871 824 et
891 762 1149 826 camerariorum
1165 786 1242 827 suo·

112 881 207 938 rum,
224 860 272 924 sic
283 859 371 925 enim
383 873 544 925 vocantur
555 859 664 924 intimi
680 861 863 926 consiliarii
876 863 940 942 sui,
958 877 1137 929 convocata
1152 863 1242 928 omni

113 962 238 1028 militia
254 963 410 1042 Francie,
433 961 631 1051 Campania,
647 964 867 1044 Normannie,
886 964 1055 1044 Picardie‚
1076 965 1240 1047 Pictavie,

114 1092 217 1157 quam
226 1067 426 1134 contrahere
436 1079 581 1156 poterat,
599 1065 763 1131 conducta
775 1065 875 1132 etiam
894 1092 1013 1159 magna
1028 1068 1242 1134 multitudine

114 1171 262 1236 militum
296 1170 481 1259 peritorum
512 1168 546 1233 in
579 1167 690 1248 bellis,
719 1181 752 1233 et
781 1169 945 1236 nobilium
976 1184 1069 1236 extra
1100 1195 1240 1262 regnum

114 1297 227 1352 sunm,
245 1273 375 1338 scilicet
391 1272 433 1336 de
452 1272 573 1336 ducatu
590 1283 623 1336 et
638 1271 795 1336 comitatu
813 1271 1029 1362 Letharingie
1043 1285 1076 1337 ct
1095 1274 1241 1339 Braban·

112 1376 172 1452 tic,
196 1376 368 1455 Hanonie,
391 1374 608 1465 congregavit
627 1374 807 1438 exereitum
829 1373 1047 1440 fortissimum
1071 1389 1103 1440 et
1125 1376 1240 1466 copio-

114 1501 203 1558 sum,
223 1477 404 1566 posuitque
424 1499 618 1563 supereum
638 1499 700 1563 pro
717 1499 752 1540 se
767 1475 886 1541 ducem
907 1478 1112 1555 Robertnm‚
1134 1477 1240 1543 corni·

113 1593 181 1645 tem
201 1579 474 1653 Atrebatensem‚
497 1591 673 1668 cognatum
691 1603 802 1658 suuni,
824 1592 857 1643 et
882 1579 1080 1645 avunculum
1105 1581 1238 1670 regine,

112 1685 221 1748 virum
240 1684 358 1747 fortem
373 1695 406 1746 et
421 1679 568 1746 nobilem
584 1693 616 1746 et
637 1680 822 1746 animosum
839 1693 873 1746 et
890 1683 1094 1770 injuventute
1110 1680 1144 1746 in
1162 1707 1239 1771 pre-

114 1785 166 1850 liis
194 1785 413 1852 exercitatum
439 1799 471 1849 et
491 1797 664 1872 expertum
684 1783 718 1848 in
733 1784 1000 1850 torneamentis:
1024 1785 1132 1850 fuerat
1150 1786 1238 1850 enim

113 1886 146 1952 in
177 1889 327 1977 quinque
348 1888 401 1952 vel
430 1911 487 1952 sex
517 1887 698 1952 mortiferis
729 1887 826 1952 bellis
850 1887 1107 1976 triumphat0r1.
1142 1887 1240 1953 Circa

112 1991 215 2056 linem
237 1992 361 2056 mensis
378 1990 502 2069 Junii2,
525 1991 693 2054 Robertus
714 2013 825 2055 comes
845 1990 1016 2078 profectus
1036 2014 1110 2055 cum
1128 1990 1237 2056 omni-

113 2095 174 2158 bus
195 2093 377 2158 comitibus
403 2091 472 2157 sere
494 2104 527 2156 et
542 2091 725 2157 baronibus
741 2093 881 2158 Francia
900 2093 941 2157 ad
957 2093 1082 2157 bellurn
1098 2093 1185 2182 aptis
1206 2108 1239 2158 et

113 2197 275 2275 exercitu,
294 2219 390 2284 quem
406 2219 464 2260 rex
474 2217 680 2285 congregare
698 2208 864 2284 potuerat,
876 2194 1009 2260 circiter
1023 2199 1078 2266 .X.
1096 2195 1238 2260 millium
1295 2211 1305 2230 ·

113 2298 277 2387 equitum,
296 2311 329 2362 et
348 2296 596 2363 balistariorum
618 2311 652 2362 et
671 2297 821 2387 peditum
842 2321 1017 2362 numerum
1040 2309 1106 2362 tam
1134 2297 1238 2362 maxi·

114 2425 215 2485 mum,
244 2425 343 2491 quem
368 2399 554 2491 exprimere
581 2423 649 2464 non
672 2399 798 2479 audivi,
823 2400 914 2465 venit
934 2400 1115 2465 lnsulam3.
1138 2400 1238 2483 Quod

112 2503 223 2569 Guido
237 2517 271 2568 et
285 2503 487 2572 Wilhelmus
502 2526 563 2591 per
578 2501 807 2590 exploratores
821 2515 1077 2592 cognoscentes,
1093 2503 1237 2568 etetiam

111 2605 200 2692 quod
224 2629 341 2670 versus
359 2607 555 2670 Curtracum
572 2604 757 2685 'exercitum
775 2628 870 2668 suum
893 2603 1016 2669 ducere
1040 2606 1236 2692 proposuit,

112 2719 145 2770 ut
161 2707 387 2773 Flandrenses
409 2708 450 2772 de
469 2705 646 2772 obsidione
664 2705 765 2772 castri
787 2705 950 2794 abjiceret
968 2721 1001 2772 et
1021 2705 1186 2798 abigeret,
1210 2709 1238 2773 si

111 2819 238 2892 posset,
258 2831 298 2871 eo
313 2805 455 2896 quodtin
472 2818 581 2871 castro
601 2805 784 2870 existentes
802 2829 843 2869 ex
862 2817 958 2893 parte
975 2805 1064 2896 regis
1086 2830 1153 2869 non
1172 2804 1237 2870 nisi

112 2906 152 2970 ad
181 2909 326 2996 spatium
361 2909 502 2974 duorum
530 2901 695 2974 mensium
722 2921 818 3001 eraut
847 2906 984 2995 provisi,
1021 2907 1233 2989 Wilhelmus‚

112 3009 237 3076 relictis
269 3013 349 3075 satis
383 3011 495 3076 multis
534 3011 575 3075 ad
607 3010 831 3075 obsidendum
863 3022 1008 3076 castrum
1042 3011 1234 3089 Casletum,

112 3126 281 3202 assumpto
306 3137 418 3178 secum
443 3112 591 3178 exercitu
620 3137 740 3202 magno
768 3113 810 3177 de
836 3111 993 3177 Flandria
1018 3111 1232 3191 occidentali,

113 3215 152 3278 ad
171 3217 393 3282 advunculum
414 3241 509 3282 suum
526 3215 715 3283 Guidonem
737 3218 933 3282 Curtracum
957 3215 1126 3303 profectus
1147 3215 1233 3280 estt.

154 3319 248 3384 Circa
268 3319 357 3384 istud
376 3333 509 3407 tempus
533 3331 625 3382 tanta
651 3317 713 3382 fuit
736 3316 869 3382 caristia
897 3329 931 3382 et
959 3318 1062 3384 fames
1087 3317 1121 3381 in
1142 3319 1234 3383 Gan-

112 3418 204 3500 davo,
225 3422 315 3512 quod
333 3421 486 3511 vulgares
503 3419 724 3486 communiter
744 3444 829 3508 pane
841 3420 928 3485 facto
943 3420 985 3484 de
1005 3444 1108 3484 avena
1122 3445 1232 3486 vesce-

143 3686 163 3732 l.
182 3687 279 3736 Robert
289 3687 313 3734 ΙΙ
321 3686 434 3734 d'rlrtois
443 3686 515 3734 avait
523 3685 631 3733 conduit
638 3685 869 3732 vintoniensement
876 3684 903 3730 la
913 3699 1059 3748 compagae
1068 3682 1233 3746 d’Aquitninc

113 3753 198 3795 contre
209 3750 247 3797 les
261 3750 379 3812 anglais,
393 3748 561 3796 commandes
574 3764 622 3811 par
635 3748 699 3795 leun
710 3747 742 3794 de
755 3746 915 3808 Salat-lem,
929 3753 954 3793 et
967 3747 1018 3794 l'on
1032 3763 1046 3793 a
1057 3762 1091 3794 vu
1104 3745 1233 3793 ei-dessus

114 3820 239 3916 gomment
251 3811 270 3859 il
282 3812 498 3860 battitaFurnes
513 3813 552 3859 les
569 3810 711 3858 Flamands
731 3825 793 3856 sous
812 3811 851 3858 les
870 3809 962 3857 ordros
983 3809 1015 3856 de
1033 3808 1182 3858 Guillaume
1201 3807 1233 3856 de

131 3872 163 3917 nl'
231 3875 236 3893 '
256 3879 263 3892 ¹
290 3878 307 3923 ’,

143 3875 369 3986 tlebsobiilqilrtois
380 3936 462 4000 partit
474 3936 506 3984 de
519 3935 584 3983 Lens
597 3935 620 3981 le
638 3937 668 3981 30
682 3933 739 3997 juin
760 3934 830 3980 1302.
847 3933 876 3982 V.
895 3935 1003 3982 Docum.
1023 3931 1096 3996 publ.
1114 3932 1180 3980 dans
1193 3932 1232 3980 les
1271 3949 1293 4014 p.

115 3995 182 4044 Mem.
198 3999 228 4046 de
241 4000 339 4048 I'Acnd.
351 4000 395 4047 des
407 4003 486 4048 Iacer.
496 4003 520 4045 et
530 4000 673 4044 B.-Lettrea
687 3997 758 4061 (Sov.
774 3995 889 4060 e'tr.)x1,
903 3996 957 4042 311.

142 4061 164 4106 3.
180 4061 243 4110 llob.
257 4063 369 4111 d'llrtois
383 4079 414 4109 ne
426 4063 481 4109 vint
493 4077 550 4124 pas,
562 4060 596 4106 du
611 4059 694 4107 moins
708 4075 771 4106 avec
785 4075 830 4105 son
844 4062 940 4111 armee,
955 4061 970 4104 a
983 4057 1056 4104 Lille.
1071 4056 1093 4103 ll
1106 4055 1237 4119 sejourna·

115 4116 145 4165 du
158 4123 171 4167 3
183 4139 215 4172 eu
228 4129 242 4172 6
254 4125 366 4188 jainata
378 4127 533 4188 Marquette,
544 4125 559 4170 a
572 4123 699 4186 quelques
712 4121 863 4169 kilometres
877 4136 910 4167 au
922 4119 988 4166 nord
999 4118 1030 4166 de
1043 4118 1117 4166 Lille.
1132 4118 1198 4166 lbid.

142 4183 163 4230 4·
180 4186 259 4236 Guill.
282 4188 313 4235 de
334 4186 432 4236 Juliers
455 4185 544 4234 arrivs
560 4185 657 4232 devant
674 4183 796 4233 Courtrai
813 4184 837 4230 le
854 4184 883 4229 26
896 4181 953 4244 juin
971 4182 1040 4229 1302.
1062 4181 1100 4230 cf.
1117 4180 1226 4228 Donum.

114 4243 183 4353 gulbl.
196 4266 245 4312 par
257 4249 620 4300 G1tn1oors·VnuSsvunsu.
631 4251 726 4295 lavent.
742 4247 787 4294 des
799 4244 914 4292 anchises
924 4244 956 4291 de
967 4244 993 4292 la
1008 4242 1066 4290 ville
1077 4243 1108 4290 de
1121 4245 1227 4310 Bruges,

127 4337 132 4349 ·
156 4321 201 4367 ,ιν
212 4313 265 4362 171.
1232 4327 1234 4330 ·
