3154 5190
348 426 379 472 60
728 423 878 472 annates
895 422 1090 472 GANDENSES
1406 422 1468 469 ¹304

350 540 521 606 mittentes
548 552 771 616 recesserunt,
794 563 863 603 non
877 539 1028 604 volentes
1049 538 1099 603 vel
1121 562 1189 604 non
1209 537 1369 602 audentes
1389 561 1469 625 pre·

349 640 436 706 liari.
460 646 556 725 Quos
572 641 813 720 Flandrenses,
836 640 1038 706 introductis
1059 665 1118 731 per
1134 640 1286 732 passagia
1305 639 1469 704 vehiculis

350 757 383 809 ct
409 744 547 818 castris,
575 743 735 821 insecuti,
768 757 877 810 turres
903 743 1021 808 multas
1054 743 1199 833 ligneas,
1233 767 1315 831 quas
1348 742 1470 808 Franci

351 871 451 935 super
475 847 627 936 passagia
653 847 813 925 lecerunt,
839 844 1075 930 incenderunt,
1097 858 1207 910 turres
1226 844 1323 910 etiam
1340 843 1471 934 aliquas

350 947 500 1038 lapideas
526 948 785 1026 dextruxerunt,
813 948 932 1013 damna
959 947 1161 1038 permaxima
1193 972 1254 1037 per
1275 946 1410 1035 rapinas
1437 959 1470 1010 et

351 1052 505 1117 incendia
524 1065 613 1116 terre
634 1051 875 1129 Attrebatensi,
898 1074 1002 1139 usque
1023 1051 1109 1116 ultra
1129 1049 1303 1128 Lendium,
1327 1049 1472 1114 inseren-

351 1167 414 1232 tes,
443 1153 641 1219 suburbium
670 1152 769 1218 etiarn
798 1153 1012 1218 Lendinense
1033 1154 1113 1218 satis
1145 1175 1302 1242 magnum
1335 1175 1471 1216 concre-

353 1270 499 1334 mantes3
520 1256 680 1344 nulloque
697 1271 926 1345 comparente,
940 1257 997 1345 qni
1015 1257 1063 1320 eis
1076 1255 1267 1332 resisteret,
1280 1255 1364 1319 inlra
1382 1254 1473 1318 limi-

352 1371 401 1423 tes
417 1371 505 1423 terre
524 1383 582 1424 sue
608 1358 744 1437 reversi,
765 1359 941 1423 ecclesiam
961 1357 1136 1448 quamdam
1160 1358 1279 1424 sortem
1299 1371 1332 1422 et
1354 1371 1471 1422 contra

351 1485 408 1526 eos
438 1462 665 1541 incastratam,
692 1460 859 1549 provisam
883 1460 924 1525 de
950 1460 1031 1525 viris
1063 1461 1197 1526 armatis
1226 1473 1258 1524 et
1288 1459 1426 1525 cibariis
1455 1483 1472 1524 a

351 1563 501 1641 Francis,
516 1588 581 1653 que
597 1565 706 1630 stabat
719 1565 752 1628 in
769 1563 845 1630 villa
860 1564 1003 1652 quadam
1018 1563 1211 1652 campestri,
1232 1587 1296 1653 que
1311 1561 1471 1627 Basseida

350 1679 499 1744 vocatur,
527 1665 744 1746 obsederunt,
778 1691 876 1755 quam
903 1667 1016 1756 aliquo
1039 1680 1190 1754 tempore
1217 1665 1338 1731 aeriter
1363 1690 1473 1754 oppu-

350 1778 493 1853 gnantes
506 1764 737 1842 obtinuerunt,
755 1763 796 1832 iis
812 1764 915 1853 quiin
929 1789 965 1830 ea
982 1776 1088 1842 erant,
1107 1764 1264 1829 recedere
1281 1762 1468 1850 permissis.

396 1861 492 1928 Circa
514 1863 659 1928 medium
682 1862 774 1942 Julii,
801 1888 858 1928 rex
881 1863 973 1928 venit
998 1863 1222 1927 Attrebatum.
1249 1861 1313 1945 Qui
1338 1861 1470 1938 videns,

352 1959 415 2026 sibi
435 1961 607 2027 introitum
628 1962 662 2025 in
680 1961 871 2028 Flandriam
891 1974 1089 2049 perrectum
1109 1961 1193 2024 viam
1212 1984 1326 2024 versus
1342 1959 1473 2026 Insulas

352 2058 424 2127 sine
443 2059 533 2125 bello
556 2059 633 2124 forti
661 2072 693 2123 et
714 2059 862 2148 periculo
885 2071 1023 2148 propter
1043 2057 1221 2124 transitum
1241 2056 1473 2148 passagiorum

352 2174 466 2249 patere
487 2185 552 2228 non
578 2185 697 2250 posse,
723 2161 835 2250 aliquo
859 2161 979 2228 itinere
1004 2185 1118 2225 versus
1139 2161 1323 2225 Hauoniam
1344 2159 1474 2226 exerci-

351 2277 420 2327 tum
436 2263 543 2341 duxit,
559 2263 718 2330 insultum
733 2263 803 2327 fieri
819 2263 972 2329 faciensa
988 2263 1056 2328 suis
1071 2261 1104 2328 in
1121 2262 1232 2350 villam
1249 2265 1472 2337 Duacensem3

353 2365 412 2430 scd
428 2367 573 2432 Henrico
592 2389 665 2431 cum
685 2367 916 2432 Duacensibus
937 2391 972 2431 se
994 2365 1135 2432 viriliter
1155 2377 1304 2443 tenente,
1324 2387 1475 2430 recesse-

352 2481 443 2546 runt,
472 2493 547 2534 cum
568 2469 746 2534 damno'et
771 2469 950 2534 amissione
983 2468 1161 2535 multorum
1193 2480 1226 2532 et
1262 2467 1472 2534 conl'usione.

352 2569 448 2636 Unde
467 2595 525 2636 rex
544 2594 618 2636 cum
640 2571 769 2661 magnis
786 2571 941 2662 expensis
958 2584 991 2636 et
1006 2595 1067 2659 per
1088 2570 1234 2635 modicas
1253 2569 1373 2648 dietas,
1393 2593 1473 2656 sepe

352 2671 451 2737 etiam
485 2697 558 2738 cum
584 2698 700 2762 magna
724 2672 857 2739 caristia
889 2673 1093 2752 victualium,
1125 2674 1259 2738 tandem
1289 2696 1364 2736 cum
1400 2685 1474 2736 toto

353 2775 500 2840 exercitu
521 2800 580 2840 suo
601 2801 661 2864 per
683 2777 868 2842 Hanoniam
888 2799 991 2864 usque
1016 2778 1204 2840 Turnacum
1222 2774 1368 2852 devenit,
1393 2775 1475 2840 Phi-

352 2876 446 2966 lippo
460 2902 592 2969 semper
612 2903 687 2943 cum
708 2879 854 2943 exercitu
880 2902 940 2942 suo
957 2880 1050 2966 juxta
1075 2877 1185 2970 ipsum
1209 2878 1292 2943 infra
1315 2876 1474 2942 Flandrie

352 2979 475 3044 limites
504 3006 565 3068 per
596 3005 693 3044 unam
725 2980 853 3044 leucam
882 2979 933 3044 vel
962 3005 1023 3068 per
1053 2980 1134 3045 duas
1161 2981 1336 3057 existento,
1365 2977 1473 3044 diviso

352 3095 463 3148 tamen
480 3085 521 3148 ab
537 3107 576 3148 eo
589 3107 649 3173 per
664 3082 797 3147 fluvium
814 3081 957 3170 aliquem
974 3083 1025 3147 vel
1041 3107 1100 3171 per
1113 3081 1266 3171 paludes.
1285 3083 1354 3148 Rex
1370 3081 1474 3171 igitur

354 3183 440 3250 intra
459 3184 624 3250 civitatem
641 3187 887 3250 'l'ornacensem
902 3197 934 3248 et
951 3197 1042 3248 extra
1059 3187 1241 3250 exercitum
1258 3207 1352 3248 suum
1369 3183 1473 3249 collo·
1560 3259 1561 3274 ,

353 3311 445 3365 cans,
462 3287 574 3376 aliquo
592 3299 744 3374 tempore
757 3287 882 3352 ibidem
899 3285 1037 3375 quievit,
1057 3286 1261 3363 deliberans,
1280 3287 1359 3376 qnid
1374 3310 1473 3377 agere

353 3390 464 3469 vellet,
479 3390 742 3456 Flandrensibus
760 3390 801 3454 ad
819 3389 1011 3454 distantiam
1025 3390 1164 3455 duarum
1181 3389 1362 3466 leucarum,
1386 3388 1473 3453 circa

353 3493 690 3572 Pontem-Bovinum,
708 3493 765 3558 ubi
779 3492 947 3582 quondam
958 3492 1168 3569 Fcrnandus,
1182 3491 1470 3568 comesFlandrie,

354 3609 469 3660 contra
485 3609 615 3660 atavum
632 3596 720 3686 regis
737 3595 915 3660 infeliciter
932 3592 1114 3673 dimicavit,
1131 3596 1163 3658 in
1180 3594 1306 3685 optimo
1325 3607 1357 3658 et
1374 3593 1472 3658 territi

354 3697 425 3763 solo
443 3697 682 3764 residentibus.

399 3799 495 3865 Circa
514 3800 612 3864 linem
633 3800 728 3878 Julii,
748 3800 837 3864 venit
858 3801 993 3888 quidam
1014 3800 1107 3864 miles
1123 3813 1279 3865 strenuus
1298 3812 1331 3865 et
1346 3801 1473 3890 peritus

354 3903 449 3967 valde
466 3904 499 3967 in
522 3903 609 3966 bello
635 3903 741 3967 navali
762 3926 837 3967 cum
859 3902 1072 3968 multitudine
1098 3927 1215 3992 magna
1238 3903 1472 3967 bellicosorum

353 4006 499 4070 virorum
520 4005 562 4070 de
580 4007 682 4070 lanua
700 4017 734 4070 et
754 4003 847 4070 ltalia
869 4018 902 4070 et
919 4004 1064 4083 Calesia,
1088 4018 1121 4070 et
1141 4005 1245 4070 classe
1265 4003 1385 4070 bellica
1406 4005 1472 4068 for·
1560 4075 1561 4086 χ

354 4107 482 4172 tissima
503 4120 536 4172 et
550 4107 686 4198 galeriis
703 4106 814 4171 multis
834 4107 929 4172 valde
951 4107 1251 4195 -vocabaturque
1270 4105 1470 4172 admiratus¹
1560 4093 1561 4100 ἵ

386 4303 407 4350 1.
427 4303 449 4350 ll
461 4303 538 4367 s'ogit
552 4302 584 4350 de
598 4303 692 4360 Renier
704 4301 842 4357 Grimaldi,
861 4302 945 4349 marin
960 4303 1065 4355 utnon,
1079 4302 1123 4364 qui
1136 4302 1246 4350 succedo
1259 4301 1324 4349 dans
1339 4302 1364 4348 la
1377 4301 1473 4363 charge

355 4365 475 4414 d’umiral
486 4365 517 4413 de
530 4365 628 4414 Franco
641 4368 655 4412 d
669 4381 715 4412 son
727 4364 899 4429 compatriote
913 4365 1004 4412 Benoit
1013 4364 1146 4414 Zacharia.
