3178 5192
345 421 375 468 ro
725 405 875 466 inultas
893 416 1087 466 cannenses
1417 417 1480 462 rasa

344 551 377 600 et
391 535 558 601 comitissa
572 534 823 612 Namurcensis,
839 559 922 598 rrxor
940 557 1011 612 sua,
1029 532 1220 598 Flandriam
1237 533 1361 599 reversi
1381 546 1478 608 sunt,

345 649 378 699 et
411 635 452 700 de
479 636 542 699 hoc
577 637 662 700 lacto
696 635 877 724 plurimum
906 633 1045 713 offensi,
1080 635 1120 698 ad
1151 657 1265 728 regem
1300 657 1480 722 nunqnam

344 737 469 816 venire,
487 737 544 827 qui
565 739 613 802 sic
630 761 686 802 eos
700 737 892 826 deceperat,
913 749 1156 826 proponentes,
1180 735 1391 825 alligantinrn
1410 735 1482 798 sive

345 840 592 930 colligationem
608 863 683 905 cnm
705 865 783 931 rege
802 840 923 930 Anglie
942 838 1117 904 adversum
1136 863 1249 928 regern
1266 843 1482 905 Francorum

345 944 605 1032 componebant.

389 1050 488 1112 Anno
509 1045 643 1110 Domini
670 1047 968 1121 .M.CC.XCVIII.‚
998 1046 1086 1109 circa
1115 1045 1215 1109 finem
1240 1043 1363 1108 mensis
1396 1045 1483 1130 Sep·

345 1147 497 1229 tembris,
519 1148 606 1212 obiit
623 1149 791 1212 comitissa
806 1147 961 1224 Isabella,
980 1171 1063 1212 uxor
1079 1145 1212 1212 comitis
1229 1146 1392 1212 secunda.

391 1250 487 1315 Circa
507 1251 607 1315 finem
630 1251 711 1315 dicti
732 1251 824 1328 annI,
848 1251 1028 1328 Robertus,
1054 1250 1299 1338 primogenitus
1323 1247 1480 1324 comitis,

346 1378 407 1443 pro
427 1367 521 1442 patre
542 1353 645 1417 debili
663 1363 697 1417 et
717 1354 867 1441 antiquo,
890 1353 1027 1416 Romam
1046 1375 1107 1440 pro
1125 1375 1208 1441 pace
1224 1375 1298 1415 cum
1317 1375 1415 1440 rege,
1439 1349 1482 1414 de

347 1456 488 1520 consilio
506 1479 604 1543 pape,
626 1456 653 1519 si
675 1455 748 1519 lieri
768 1467 895 1543 posset,
918 1454 1073 1518 habenda
1095 1453 1325 1542 proficiscens,
1352 1453 1482 1518 multas

346 1558 393 1622 ibi
414 1581 577 1646 expensas
599 1557 726 1622 faciens
752 1556 837 1622 nihil
862 1555 1021 1646 profecit,
1049 1558 1127 1644 quia
1151 1581 1248 1646 reges
1272 1556 1421 1621 Francia
1449 1567 1482 1618 et

346 1661 466 1750 Anglie
492 1659 604 1749 aliquo
632 1659 730 1724 modo
751 1659 1017 1737 concordantes;
1045 1683 1130 1748 papa
1153 1658 1345 1723 Bonifacius
1368 1660 1478 1724 .VIlI.

343 1762 477 1850 juravit,
495 1775 532 1828 ut
552 1762 686 1840 dicitur,
711 1760 847 1826 domino
863 1762 1025 1839 Roberto,
1047 1760 1153 1849 quod,
1176 1761 1204 1824 si
1229 1761 1262 1823 iu
1286 1759 1481 1847 predictam

347 1865 560 1930 concordiam
582 1863 821 1941 concordaret,
845 1887 980 1953 passum
1005 1862 1102 1952 pedis
1123 1863 1164 1928 de
1188 1876 1277 1926 terra
1295 1863 1403 1953 patris
1426 1860 1480 1925 sui

347 1993 414 2032 non
433 1967 621 2047 amitteret;
641 1967 729 2033 unde
750 1966 783 2031 in
800 1989 871 2030 eam
887 1967 1104 2032 concordavit
1122 1965 1295 2054 predictus
1316 1966 1480 2030 dominus

348 2072 529 2138 Robertus.
556 2073 650 2134 Tunc
679 2069 778 2134 etiam
803 2093 861 2135 rex
884 2068 1006 2160 Anglie
1031 2069 1210 2134 abeodem
1237 2091 1322 2158 papa
1349 2067 1480 2132 dicitur

349 2175 451 2238 luisse
470 2172 641 2237 absolutus
664 2195 680 2235 a
704 2174 913 2258 juramento,
937 2173 1027 2261 quod
1049 2173 1173 2237 lecerat
1193 2171 1306 2236 comiti
1326 2172 1360 2236 in
1380 2173 1479 2236 Gan·

348 2275 464 2340 davo¹.

346 2525 416 2572 Vous
429 2523 527 2588 pristes
538 2541 580 2572 ees
591 2525 684 2571 choses
696 2541 712 2572 a
722 2525 775 2571 mal
789 2528 835 2586 gre
849 2529 873 2571 et
885 2525 967 2572 distas
979 2541 1029 2587 que
1043 2541 1092 2587 par
1106 2541 1149 2572 ces
1163 2525 1256 2572 choses
1268 2525 1286 2571 il
1301 2523 1403 2584 s'estoit
1417 2525 1478 2571 des·

347 2588 458 2636 loiautez
472 2602 564 2635 envers
577 2603 652 2643 vous,
666 2594 692 2634 et
708 2587 804 2650 prIstes
823 2593 848 2634 et
860 2594 1018 2636 arrestastes
1031 2589 1055 2636 Ie
1068 2603 1127 2634 cors
1140 2587 1172 2635 de
1185 2587 1222 2636 lui
1238 2594 1263 2634 et
1275 2588 1299 2635 le
1316 2587 1428 2636 tenistes
1446 2602 1477 2633 en

347 2649 437 2714 prison
447 2649 515 2697 demi
530 2666 572 2711 an,
583 2649 628 2712 qui
641 2651 667 2696 la
676 2650 754 2697 estoit
762 2666 845 2697 venua
857 2665 871 2696 a
884 2655 973 2697 vostre
987 2650 1163 2706 mandement,
1175 2650 1242 2697 ainsi
1251 2666 1351 2697 comme
1360 2651 1475 2697 descura

348 2719 387 2760 est
407 2713 471 2768 dist,
492 2719 518 2759 et
536 2718 694 2760 arrestastes
713 2712 786 2760 aussi
805 2718 831 2759 et
848 2713 956 2760 tenistes
981 2729 1022 2759 ses
1044 2711 1080 2774 ij.
1106 2711 1162 2770 fils,
1182 2712 1266 2760 Jeban
1285 2713 1317 2760 de
1331 2713 1435 2760 Namur
1453 2718 1479 2758 et

347 2775 439 2832 Guiot,
474 2775 499 2822 ui
516 2774 542 2822 la
556 2775 667 2822 estcient
681 2791 749 2823 venu
763 2790 892 2837 ovecques
906 2775 931 2822 le
946 2781 1029 2831 conte,
1053 2781 1078 2822 et
1096 2781 1195 2830 tantast
1213 2776 1364 2822 mandastes
1379 2792 1409 2822 sa
1422 2775 1477 2822 fille

348 2854 379 2885 en
395 2791 530 2899 munires,
544 2837 588 2900 qui
604 2837 674 2885 riens
693 2837 791 2885 n'avoit
803 2837 897 2893 meffet,
913 2837 985 2884 aussi
998 2837 1097 2884 n'avoit
1109 2836 1126 2883 li
1141 2837 1240 2893 cueins,
1256 2843 1280 2884 et
1293 2839 1318 2884 lc
1334 2838 1476 2886 retenistcs

347 2917 397 2964 par
411 2901 504 2948 devera
519 2916 584 2946 vous
597 2907 623 2948 et
633 2907 736 2948 retenez
747 2915 840 2947 encore
853 2907 975 2950 encantre
987 2915 1016 2947 sa
1028 2902 1132 2947 volente
1143 2906 1170 2946 et
1181 2901 1206 2946 Ia
1219 2901 1324 2947 volente
1339 2901 1374 2947 du
1388 2908 1475 2956 conta,

347 2969 373 3012 et
384 2962 403 3009 li
417 2978 458 3009 em
479 2962 580 3009 eecbiez
593 2979 640 3009 son
654 2963 771 3025 mariage
784 2968 809 3009 et
820 2979 867 3010 son
881 2969 1059 3010 avaneemcnt.
1076 2979 1087 3010 n
1102 2962 1278 3011 Protestation
1291 2963 1414 3010 adrassa‘ee
1426 2978 1477 3027 pur

348 3026 397 3074 Gui
415 3025 446 3071 de
488 3025 651 3087 ampierretr
672 3025 793 3097 Philippa
815 3025 838 3070 le
859 3025 913 3082 Bel,
930 3041 961 3071 en
981 3024 1041 3072 date
1060 3025 1095 3072 du
1115 3025 1217 3088 9janv.
1237 3026 1307 3084 1297,
1328 3026 1404 3088 publ.
1425 3041 1477 3090 par

348 3089 458 3136 Kanvrn
471 3102 506 3136 na
519 3088 708 3144 Larrannova,
722 3091 785 3134 lloest.
799 3087 831 3133 de
843 3087 965 3143 Floralia,
980 3088 1012 3144 Il,
1025 3090 1126 3135 565-66.

379 3150 463 3198 L'ncto
481 3165 530 3213 par
545 3150 631 3212 lequel
644 3147 693 3196 Gui
711 3150 742 3197 de
760 3150 913 3213 Dampierre
932 3150 1016 3210 fianpa
1036 3167 1065 3197 sa
1082 3150 1136 3197 filla
1150 3167 1182 3198 au
1196 3151 1238 3196 fils
1251 3150 1285 3198 du
1302 3149 1342 3197 roi
1355 3151 1477 3213 d’Angle·

347 3218 417 3259 torre
433 3213 472 3259 lut
486 3212 564 3259 scelle
577 3211 700 3266 abierre,
717 3228 748 3259 an
761 3212 886 3269 Brabant‚
903 3213 926 3258 Ia
939 3213 966 3258 31
985 3215 1048 3259 notit
1060 3213 1131 3260 1294.
1145 3213 1220 3264 Publ,
1235 3229 1285 3276 par
1302 3215 1351 3260 Em.
1366 3213 1476 3260 Vanar-

350 3289 477 3331 baanna,
496 3273 627 3322 Relations
645 3275 749 3336 dr'plom.
764 3281 833 3322 entre
848 3274 871 3321 lc
884 3279 964 3322 comta
979 3275 1010 3322 de
1023 3274 1133 3322 l'landre
1147 3280 1171 3322 el
1187 3275 1362 3340 l'Anglelcrra,
1376 3292 1403 3338 p.
1419 3278 1477 3322 229-

349 3337 387 3384 36.
402 3337 442 3384 Un
456 3337 546 3384 vassal
560 3336 658 3383 n'avuit
670 3353 718 3400 paa
734 3338 757 3384 le
773 3337 843 3385 droit
855 3338 886 3384 de
901 3337 998 3384 marIer
1010 3353 1038 3384 sa
1052 3337 1105 3384 fille
1117 3354 1178 3385 sans
1191 3339 1215 3384 Ie
1231 3343 1431 3384 consentomeut
1444 3337 1476 3383 de

349 3415 396 3445 son
410 3399 529 3446 suaerain
544 3415 549 3446 z
567 3415 594 3446 ce
629 3399 684 3446 oint
700 3406 739 3448 est
753 3400 817 3446 hors
832 3400 863 3447 de
876 3399 1034 3457 discussion,
1048 3402 1082 3448 cl.
1096 3400 1143 3448 Cu.
1158 3401 1301 3458 Duvlvura,
1315 3405 1351 3448 La
1363 3401 1476 3463 querella

348 3462 393 3508 des
411 3461 545 3509 d'Avesnes
558 3467 581 3507 et
594 3415 639 3508 edic
651 3461 806 3536 Dampierre,
819 3478 845 3525 p.
862 3464 941 3509 tlt-30.
1095 3499 1098 3504 i

379 3525 402 3571 l.
420 3524 491 3571 Noua
504 3539 618 3570 sommas
630 3524 859 3572 minutreusement
869 3524 1021 3587 renseignds
1035 3541 1081 3572 sur
1091 3526 1129 3573 les
1140 3525 1334 3572 circonstancas
1347 3523 1391 3588 qni
1406 3540 1476 3571 mar-

348 3588 458 3666 querent
470 3587 508 3634 les
520 3586 700 3648 negociatione
718 3586 854 3634 canduites
867 3603 898 3634 en
911 3603 975 3634 cour
988 3587 1019 3634 de
1031 3589 1125 3641 Itomc,
1144 3588 1196 3635 I'an
1213 3588 1289 3644 1298,
1303 3592 1318 3634 a
1330 3603 1430 3650 propos
1444 3587 1475 3632 da

348 3648 503 3713 Iarbitrage
532 3649 557 3695 ui
570 3647 658 3697 devait
670 3653 724 3697 ttre
740 3653 872 3712 prononce
884 3666 934 3712 par
947 3649 1070 3697 Bonilace
1084 3651 1150 3711 VIII,
1163 3651 1247 3697 chaisi
1262 3666 1363 3697 comme
1376 3649 1474 3697 madia-

348 3717 406 3758 taur
427 3718 500 3758 entre
513 3666 559 3758 les
582 3710 636 3758 rois
660 3711 691 3758 de
715 3711 814 3760 Franco
838 3719 863 3759 et
887 3712 1075 3776 d'Angleterre.
1099 3715 1171 3760 Nous
1193 3729 1275 3760 avons
1298 3715 1424 3760 conserve
1450 3714 1475 3759 Ia

347 3774 574 3882 correspondanoe
585 3773 716 3836 eobangte
728 3780 800 3821 entre
814 3774 864 3822 Gui
874 3775 905 3821 dc
919 3775 1072 3838 DampIerra
1085 3782 1111 3822 et
1124 3791 1165 3822 sas
1176 3776 1218 3823 fils
1232 3782 1258 3822 et
1289 3791 1428 3823 rocureurs
1443 3791 1474 3821 en

348 3852 412 3883 cour
448 3838 567 3885 eRome.
589 3837 637 3884 Les
657 3836 796 3899 celginaux
813 3843 872 3884 sont
889 3839 1026 3885 conserves
1045 3853 1097 3884 aux
1115 3838 1240 3885 Archives
1279 3855 1293 3884 u
1316 3837 1395 3886 Nord.
1417 3839 1474 3884 Une

348 3899 432 3962 partie
450 3899 482 3946 de
499 3905 565 3946 cette
582 3899 809 4008 correspondance
828 3915 843 3946 a
857 3902 898 3948 ete
910 3900 1016 3962 publiea
1034 3917 1083 3972 par
1101 3902 1211 3948 Kanvrn
1229 3915 1264 3948 na
1283 3902 1472 3956 Larraunova,

348 3961 411 4008 Hiat.
434 3961 465 4007 de
484 3961 612 4018 Flandre,
632 3967 652 4008 t.
694 3999 699 4016 ,
719 3968 744 4008 et
762 3963 859 4008 Etudes
880 3978 924 4009 sur
943 3961 1065 4010 l'ltiatorre
1088 3963 1123 4009 du
1145 3965 1214 4010 Xlll⁹
1235 3962 1322 4018 siecle,
1346 3964 1412 4009 dans
1435 3963 1473 4010 les

349 4023 482 4070 lllmoirea
496 4023 528 4070 de
541 4023 697 4070 l'Acaddmie
708 4027 799 4086 royale
811 4025 843 4070 de
855 4025 989 4134 Belpt'que,
1007 4041 1068 4072 ann.
1083 4026 1151 4073 1854.
1170 4026 1294 4073 Bonilaoe
1311 4025 1370 4072 VIII
1387 4025 1473 4072 rendit

348 4101 376 4132 sa
392 4092 512 4133 sentence
528 4085 654 4133 arbitrale
667 4086 690 4133 Ie
702 4087 730 4132 27
744 4085 801 4149 juin
815 4087 875 4134 1298
891 4087 899 4160 ζ
913 4088 976 4135 'acto
990 4104 1017 4135 se
1031 4094 1131 4144 trouve,
1144 4091 1159 4135 b
1173 4093 1239 4135 cette
1251 4088 1321 4143 date,
1333 4087 1419 4151 parmi
1434 4088 1471 4134 Ias

349 4149 455 4194 Foedcra
466 4149 498 4196 de
511 4148 617 4258 Rpmer)
629 4164 679 4210 par
691 4149 805 4212 laquelle
817 4151 842 4196 la
854 4165 916 4212 parx
930 4150 994 4197 etait
1007 4150 1117 4198 re'tablie
1129 4156 1202 4197 entre
1214 4151 1241 4197 In
1256 4151 1355 4198 France
1368 4156 1394 4196 et
1406 4150 1472 4196 I'An-

349 4212 463 4273 gleterre
475 4226 520 4258 sur
542 4227 555 4258 e
570 4211 631 4274 pred
643 4211 678 4257 du
693 4216 762 4258 elatu
780 4227 829 4274 quc
841 4218 909 4260 ante.
921 4213 955 4260 Le
968 4219 1053 4261 comte
1066 4214 1097 4260 de
1110 4213 1231 4269 Flandre,
1245 4214 1318 4261 exelu
1332 4213 1363 4259 de
1376 4213 1402 4259 la
1413 4228 1471 4259 san·

348 4280 438 4332 tanae,
456 4273 520 4322 etait
532 4273 687 4321 abandcnne
697 4289 731 4322 an
744 4275 927 4324 ressontirnent
939 4275 970 4322 de
984 4275 1105 4339 Philippa
1117 4276 1140 4323 le
1158 4275 1213 4325 Bel.
1228 4276 1249 4322 II
1262 4275 1327 4323 n'est
1339 4275 1470 4323 d’ailleura
