3154 5190
372 412 402 468 et
753 412 901 470 auratus
919 411 1113 471 cannenses
1425 413 1475 469 taur

373 539 610 628 sequebantur,
632 551 828 626 posuerunt.
859 538 1096 627 Reanuippe,
1119 540 1268 626 ipsorum
1293 543 1476 628 precognito

372 639 528 720 adventu,
551 640 733 705 exercitum
758 665 870 717 suum,
895 641 952 729 qui
966 643 1100 729 jacebat
1120 666 1135 705 a
1156 642 1260 708 latere
1282 642 1359 707 ville
1376 664 1478 706 versus

371 746 511 832 Ypram‚
541 742 691 808 adalind
718 742 804 807 latus
827 767 942 807 versus
962 747 1161 823 Turnacum,
1185 768 1296 810 secum
1322 746 1356 808 in
1389 768 1477 808 unum

372 857 598 924 contraxerat,
621 846 812 933 feceratque
834 845 906 910 fieri
923 846 1051 934 grande
1068 847 1226 911 fossatum
1243 861 1276 912 et
1296 859 1478 936 protensum

372 949 460 1013 inter
475 949 656 1013 exercitum
681 973 777 1012 suum
800 962 833 1012 et
851 948 978 1026 locum,
1001 948 1057 1012 ubi
1082 949 1240 1016 credebat
1267 950 1478 1016 Flandrenses

370 1064 547 1129 venturos3
566 1051 607 1114 ad
625 1074 724 1139 quem
740 1063 772 1114 et
791 1063 966 1114 venerunt.
984 1051 1121 1115 Plurimi
1142 1065 1250 1116 autem
1267 1051 1479 1118 Flandrenses
1546 1063 1547 1086 ³

371 1154 513 1222 tentoria
530 1177 596 1220 non
613 1153 787 1231 habentes,
808 1154 885 1240 quia
902 1177 969 1217 non
983 1154 1217 1242 proponebant
1231 1153 1278 1217 ibi
1295 1154 1478 1241 diujacere,
1546 1231 1547 1242 ἵ

370 1257 429 1322 sed
446 1281 559 1348 regem
573 1255 740 1334 invadere,
756 1255 805 1319 vel
824 1254 899 1343 quia
920 1255 983 1320 sibi
1000 1255 1044 1319 ita
1062 1256 1223 1322 velociter
1238 1281 1274 1320 ea
1289 1280 1407 1344 parare
1422 1279 1479 1319 non
1546 1295 1547 1300 κ

369 1371 564 1448 potuerant,
592 1359 741 1422 fecerunt
771 1357 835 1422 sibi
864 1359 1079 1422 tabernacula
1114 1359 1183 1423 sive
1221 1359 1415 1424 umbracula
1446 1358 1480 1420 de

370 1462 585 1528 straminibus
600 1474 632 1524 et
643 1460 799 1524 arborum
811 1461 922 1524 ramis.
938 1462 1016 1524 Erat
1031 1484 1111 1548 ergo
1127 1461 1293 1526 exercitus
1307 1460 1479 1526 Flandren-

369 1566 497 1629 sistam
519 1563 691 1639 maximus,
711 1562 802 1650 quod
819 1586 997 1650 numquam
1019 1562 1139 1650 aliquis
1158 1563 1242 1628 vidit
1262 1562 1418 1630 comitem
1436 1560 1480 1624 vel

368 1666 556 1756 principem
587 1665 744 1730 Flandrie
769 1664 949 1728 exercitum
988 1664 1167 1729 deduxisse
1200 1678 1266 1732 tarn
1300 1665 1478 1754 copiosum.

369 1771 500 1835 Dicitur
515 1768 612 1832 etiam
632 1791 701 1844 rex,
720 1767 828 1854 ipsum
849 1767 889 1830 de
906 1767 1040 1831 cumulo
1058 1768 1202 1854 quodam
1221 1768 1289 1834 sive
1305 1766 1480 1833 monticulo
1546 1837 1547 1854 χ

368 1871 550 1960 aspicienS,
581 1868 779 1934 mirabiliter
800 1869 899 1934 fuisse
921 1869 1115 1936 admiratus.
1143 1872 1179 1934 ln
1205 1871 1352 1936 crastino
1380 1883 1480 1934 autem

368 1975 542 2052 adventus,
564 1971 788 2037 Flandrenses
808 1983 971 2060 ceperunt
985 1973 1097 2036 invitis
1114 1972 1251 2038 Francis
1273 1974 1406 2060 replere
1428 1973 1480 2035 los·
1546 1997 1547 2014 ¹

367 2091 486 2155 satum,
504 2089 540 2140 ut
555 2075 596 2138 ad
613 2098 668 2138 eos
682 2073 832 2160 patulum
847 2088 986 2160 possent
1002 2075 1127 2140 habere
1140 2099 1325 2153 aceessum,
1346 2077 1480 2140 fiebant·
1546 2097 1547 2104 ¹

367 2204 431 2268 que
466 2179 554 2242 inter
588 2190 765 2263 utrumque
795 2175 976 2240 exercitum
1006 2201 1119 2266 pugne
1150 2179 1384 2265 particulares,
1421 2177 1481 2242 sive

366 2282 517 2371 preludia
537 2279 650 2355 multa,
669 2279 702 2341 in
724 2277 845 2365 quibus
866 2278 1002 2366 plurimi
1019 2304 1059 2343 ex
1079 2291 1218 2368 utraque
1236 2294 1330 2369 parte
1351 2304 1481 2346 corrue-

367 2396 454 2449 runt.
478 2387 613 2447 Etcum
637 2404 694 2444 rex
717 2379 904 2446 certissime
927 2383 1140 2472 cognovisset
1163 2408 1224 2472 per
1243 2383 1479 2472 exploratores,

365 2486 589 2550 Flandrenses
622 2507 750 2562 omues,
782 2484 896 2571 paucis
932 2483 1062 2572 pavidis
1098 2488 1259 2575 exceptis,
1293 2487 1334 2550 ad
1361 2487 1481 2550 bellum

365 2585 664 2664 voluntarissimos‚
694 2586 850 2650 omnibus
881 2585 987 2651 modis
1013 2611 1086 2650 oum
1114 2586 1187 2674 ipso
1210 2587 1294 2653 velle
1319 2588 1361 2652 de
1390 2600 1481 2654 nocte

366 2716 439 2756 cum
464 2690 541 2754 lune
563 2688 742 2776 splendore
768 2712 935 2779 pugnare,
963 2713 1004 2754 ne
1035 2689 1165 2777 equites
1193 2691 1244 2755 sui
1269 2716 1326 2755 eos
1351 2715 1368 2754 u
1390 2705 1481 2778 tergo

364 2791 593 2869 circumirent,
614 2830 658 2840 -
678 2791 849 2856 nonenim
868 2805 1009 2878 possunt
1029 2793 1116 2856 acies
1133 2806 1307 2880 equestres
1328 2794 1370 2858 de
1388 2807 1480 2860 noete

365 2896 520 2962 celeriter
538 2893 700 2983 equitare,
712 2933 756 2943 —
768 2893 817 2958 vel
835 2894 862 2957 si
878 2893 919 2957 de
931 2893 985 2958 die
1004 2895 1128 2959 bellum
1143 2897 1394 2962 committerent
1412 2921 1480 2962 cum

364 3025 414 3077 eo,
437 2999 530 3063 nullo
550 2998 648 3061 modo
663 3021 720 3060 eos
736 2995 820 3060 velle
836 3009 922 3060 stare
938 2996 990 3061 vel
1011 3011 1215 3086 exspectare,
1236 2999 1323 3064 sicut
1337 3001 1480 3065 seoerant

363 3102 397 3165 iu
419 3114 531 3165 monte
547 3097 745 3178 Pavellensi‚
764 3098 822 3162 sed
841 3122 973 3187 semper
986 3103 1170 3186 procedere
1186 3113 1219 3164 et
1232 3125 1349 3166 omnes
1370 3104 1480 3168 hostes

362 3204 533 3281 occidere,
555 3202 607 3265 vel
626 3225 741 3264 omnes
761 3200 871 3266 occidi
896 3214 928 3265 et
954 3203 1125 3291 negotium
1144 3202 1324 3268 terminare
1347 3204 1481 3270 :timuit

363 3307 470 3384 valde,
493 3318 526 3369 et
545 3329 660 3368 omnes
684 3305 735 3368 sui
755 3303 942 3368 recolentes
958 3303 1115 3368 furiosam
1132 3305 1336 3371 invasionem
1358 3333 1480 3396 pauco·

363 3433 435 3472 rum
456 3405 731 3485 Flandreusium‚
754 3417 908 3493 respectu
932 3418 997 3472 tam
1022 3406 1155 3473 maximi
1182 3409 1360 3486 exereitus,
1390 3411 1479 3498 juxta

363 3523 526 3589 montem,
556 3522 588 3572 et
607 3507 839 3599 gravissimum
865 3507 1022 3571 damnum
1041 3533 1177 3573 suorum
1198 3511 1287 3597 quod
1313 3512 1359 3576 ibi
1381 3513 1480 3576 susti·

362 3626 515 3691 nuerant,
533 3610 632 3675 simul
646 3612 744 3674 etiam
760 3609 947 3699 cogitantes
967 3610 1143 3676 maximum
1159 3613 1344 3699 periculum
1363 3628 1396 3680 et
1413 3616 1481 3680 dis·

361 3714 521 3805 pendium
548 3711 609 3777 toti
644 3735 748 3801 regno
775 3712 915 3776 Francie
941 3711 1129 3790 imminere,
1159 3715 1187 3778 si
1214 3713 1387 3782 victoriam
1416 3741 1478 3780 non

361 3817 565 3896 obtinerent,
586 3817 733 3880 virorum
755 3813 970 3902 prudentium
992 3815 1149 3893 consiliu,
1172 3817 1326 3904 petitioni
1347 3832 1380 3882 et
1397 3819 1479 3884 allo·

360 3919 487 3986 cutioui
521 3919 561 3984 de
582 3941 662 4006 pace
688 3917 829 4004 prebere
854 3939 949 3982 aures
976 3917 1177 4005 complacuit
1202 3921 1285 4008 regi,
1310 3923 1478 3988 lohannes

359 4022 474 4112 igitur,
497 4021 563 4085 dux
583 4017 779 4096 Brabautie,
806 4020 863 4106 qui
884 4018 918 4082 in
941 4021 1046 4110 prima
1066 4045 1185 4110 guerra
1211 4045 1284 4086 cum
1306 4023 1476 4100 Guidone,
1546 4031 1547 4054 ¹

360 4149 418 4188 avo
439 4146 499 4187 suo
519 4146 559 4186 ex
579 4134 672 4210 parte
694 4121 820 4196 matris,
839 4144 874 4184 se
888 4134 1052 4199 tenuerat,
1072 4121 1131 4186 sed
1147 4121 1187 4186 tle
1204 4125 1362 4202 secunda,
1381 4150 1477 4214 quam

359 4226 572 4301 Wilhelmus,
595 4248 700 4311 nepos
718 4246 796 4286 suus
817 4236 850 4287 et
866 4224 1019 4290 avunculi
1041 4225 1111 4310 ejus
1124 4248 1202 4314 erga
1222 4250 1334 4315 regem
1352 4227 1478 4295 habue-
