3154 5190
344 478 374 526 112
722 473 871 524 annates
888 474 1083 524 GANDENSES
1407 475 1468 524 1303

343 616 457 666 versus
492 593 603 658 villam
640 592 754 660 Sancti
781 590 963 683 Andomari
1004 592 1145 681 profecti
1184 605 1275 658 sunt.
1313 595 1467 682 Cumque
1553 607 1554 610 ’

343 695 514 764 venissent
536 719 641 784 prope
663 719 734 759 eam
760 697 853 782 juxta
875 694 986 760 villam
1002 704 1235 784 campestrem,
1253 719 1319 784 que
1340 696 1467 762 dicitur
1553 693 1554 720 ³

341 800 443 876 Arke,
473 796 608 888 quidam
638 795 803 888 Flamingi
834 797 938 886 magis
972 795 1187 864 intendentes
1227 797 1333 885 prede
1365 821 1466 885 quam

342 926 467 991 pugne,
489 899 622 966 incaute
641 913 676 964 et
697 898 887 964 inordinate
914 912 947 964 et
969 912 1086 965 contra
1105 911 1301 988 preceptum
1328 925 1466 966 suornm

341 1004 532 1094 principum
559 1001 700 1068 rivulum
724 1001 901 1090 quemdam
934 1014 1220 1079 transcurrentes,
1250 1026 1268 1065 a
1295 1001 1466 1066 solidariis
1553 1067 1554 1070 ,

342 1106 430 1196 regis
446 1106 488 1171 de
502 1104 580 1172 villa
600 1103 744 1194 egressis
767 1128 873 1192 usque
893 1104 934 1168 ad
953 1117 1146 1186 sexcentos,
1163 1104 1214 1170 vel
1234 1103 1339 1170 occisi
1355 1105 1408 1169 vel
1428 1106 1465 1170 iu

342 1233 460 1298 aquam
478 1207 636 1297 l'ugiendo
657 1205 822 1272 submersi
844 1205 961 1284 sunt13
982 1207 1041 1271 sed
1059 1219 1197 1295 propter
1217 1208 1282 1271 hoo
1303 1205 1465 1272 damnum
1553 1193 1554 1216 l

340 1311 563 1376 Flandrenses
589 1333 655 1374 non
675 1309 860 1374 omiserunt
879 1306 955 1372 ville
984 1309 1298 1374 Sancti-Andomari
1321 1308 1467 1374 viriliter
1553 1335 1554 1376 ;

341 1426 373 1478 et
392 1412 545 1478 ordinate
565 1412 847 1500 appropinquare.
875 1410 972 1492 Quod
989 1435 1131 1476 cernens
1148 1410 1303 1476 dominas
1322 1411 1362 1476 de
1381 1413 1466 1476 Cas-

340 1515 488 1593 tellione,
507 1513 700 1601 capitaneus
718 1512 867 1579 omnium
889 1511 1124 1578 solidariorum
1147 1513 1199 1579 vel
1221 1513 1466 1603 stipendiario-

340 1643 412 1684 rum
428 1619 551 1706 regist,
575 1629 641 1680 tam
664 1615 812 1702 equitum
835 1638 934 1702 quam
960 1614 1129 1704 peditum,
1153 1641 1218 1682 non
1246 1617 1333 1682 bene
1359 1617 1466 1683 confi-

340 1721 423 1786 dens
445 1720 487 1784 de
510 1717 746 1784 communitate
768 1717 843 1782 ville
873 1717 1058 1806 nolensque
1084 1717 1118 1782 in
1141 1743 1179 1784 ea
1200 1718 1365 1798 obsideri,
1385 1744 1463 1784 cum

324 1823 493 1888 omnibus
511 1819 713 1910 paramentis
731 1819 861 1886 bellicis
881 1819 991 1884 villam
1011 1845 1166 1910 egressus
1184 1834 1250 1901 est,
1270 1845 1336 1886 non
1356 1822 1465 1888 relin-

340 1950 446 2014 quens
464 1924 499 1989 in
524 1948 560 1988 ea
579 1947 715 1990 currum
733 1946 794 1988 nec
810 1945 992 2001 carrucam,
1016 1921 1098 1988 dans
1117 1923 1308 2014 intelligere
1332 1923 1400 1990 illis
1420 1924 1465 1990 de

338 2027 427 2107 villa,
452 2027 573 2115 quibus
599 2025 672 2113 ipse
696 2037 730 2089 et
752 2025 801 2089 sui
829 2023 863 2088 in
890 2023 1002 2088 multis
1032 2024 1155 2091 debitis
1184 2040 1280 2091 erant
1303 2026 1462 2115 obligati,

339 2131 429 2219 quod
443 2130 542 2194 vellet
555 2153 629 2192 cum
645 2125 909 2194 Flandrensibus
928 2126 1077 2215 preliari.
1096 2129 1247 2217 Cumque
1268 2129 1464 2194 ordinasset

338 2232 442 2298 aciem
456 2255 622 2320 magnam,
637 2228 744 2318 primo
761 2229 923 2317 equitum,
939 2230 1087 2294 secundo
1104 2219 1268 2317 peditum,
1286 2230 1363 2320 quia
1378 2257 1463 2296 con·

339 2347 511 2402 vocaverat
528 2357 644 2398 omnes
663 2330 965 2424 solidariosregis,
983 2330 1040 2419 qui
1059 2332 1214 2398 solebant
1232 2358 1306 2398 esse
1323 2334 1357 2398 in
1376 2337 1463 2400 Tor·

338 2463 433 2521 naco,
453 2435 678 2504 Flandrenses
698 2459 715 2498 e
741 2433 907 2499 contrario
935 2433 1039 2500 aciem
1061 2435 1234 2500 maximam
1254 2436 1295 2501 ad
1312 2436 1459 2516 bellum,

338 2541 427 2628 quod
447 2539 639 2626 sperabant,
657 2536 907 2627 disposuerunt.
924 2537 991 2601 Sed
1006 2534 1078 2624 ipse
1094 2561 1160 2602 noo
1174 2538 1300 2604 audens
1316 2563 1391 2604 cum
1409 2539 1462 2605 eis

337 2643 460 2708 bellum
479 2639 700 2718 committere,
718 2640 827 2730 primo
843 2636 995 2704 vehicula
1016 2637 1145 2718 omnia,
1160 2641 1283 2729 quibus
1302 2666 1461 2707 necessa·
1553 2653 1554 2664 ³

337 2745 383 2810 ria
404 2743 565 2810 exercitui
585 2767 645 2808 suo
664 2743 939 2830 apponebantur,
960 2765 1075 2806 versus
1096 2741 1268 2808 Franciam
1284 2743 1458 2832 premisit,

336 2847 593 2936 proripiensque
617 2843 789 2933 peditibus
811 2843 897 2921 suis,
924 2856 958 2908 at
979 2868 1017 2908 ea
1039 2858 1272 2932 sequerentur,
1290 2839 1363 2935 ipse
1382 2871 1458 2914 cum
1553 2875 1554 2928 3

336 2950 518 3037 equitibus,
559 2973 634 3012 cum
664 2945 720 3012 diu
757 2945 938 3010 exercitum
968 2945 1208 3011 Flandrensem
1238 2948 1455 3037 respexisset,
1553 2997 1554 3028 ÷

335 3075 488 3140 campum
504 3049 642 3138 reliquit
661 3061 694 3114 et
712 3045 849 3136 aul'ugit.
870 3051 975 3131 Quem
992 3048 1228 3129 Flandrenses,
1247 3050 1361 3118 relicta
1380 3053 1456 3118 villa
1553 3135 1554 3148 χ

366 3340 388 3387 1.
407 3339 441 3388 Ge
455 3336 501 3386 luit
513 3338 625 3385 d'nrmes
638 3335 694 3383 doit
706 3340 760 3384 etro
772 3335 832 3383 date
847 3335 908 3383 (1115
922 3335 1008 3398 juillet
1020 3337 1089 3384 1303.
1104 3338 1139 3385 Lu
1153 3337 1297 3404 chronique
1311 3343 1455 3392 ardericum

333 3419 364 3450 en
378 3401 463 3448 donne
476 3401 500 3448 le
512 3399 592 3448 detail
607 3415 612 3446 ε
627 3417 639 3446 a
652 3398 678 3446 si
691 3399 764 3446 nvint
776 3415 825 3464 qne
839 3413 872 3447 .v.
885 3396 959 3460 jours
972 3415 1004 3446 en
1014 3399 1087 3462 jaira,
1101 3399 1196 3449 morire
1209 3401 1310 3452 Pierres
1326 3405 1358 3453 de
1371 3407 1454 3454 (10111-
1553 3453 1554 3456 ,

333 3463 426 3521 tiseos,
440 3462 562 3510 maistres
576 3463 622 3510 des
639 3461 823 3522 nrbelestiers,
837 3468 861 3508 et
876 3460 967 3509 Aurris
984 3461 1004 3508 li
1025 3462 1147 3512 Alcmana
1165 3470 1191 3512 et
1209 3466 1352 3524 Petrinum,
1374 3471 1454 3518 ireres

333 3527 440 3574 Ymbert
456 3525 479 3572 le
496 3523 633 3580 Roumnin,
647 3530 672 3572 et
686 3523 718 3571 de
730 3525 787 3570 leur
799 3539 863 3585 gens
876 3538 956 3570 avoec
968 3539 1025 3581 eus,
1039 3524 1148 3573 iscirent
1159 3527 1190 3574 de
1204 3527 1373 3578 Salat-Omer
1406 3548 1455 3580 onr

333 3589 389 3638 aler
407 3603 509 3636 nesmrr
531 3587 591 3636 l'ost
607 3587 653 3634 des
670 3588 802 3641 Flamens,
818 3601 846 3632 se
861 3585 1079 3634 chevauchierent
1093 3603 1151 3636 vers
1172 3591 1261 3639 Arkes.
1276 3592 1312 3640 La
1330 3600 1402 3641 arort
1420 3611 1454 3642 un
1553 3609 1554 3612 ’

333 3655 398 3715 pont
412 3667 462 3724 que
480 3649 499 3698 11
519 3650 639 3698 Flamenc
659 3649 773 3696 volcient
790 3663 891 3721 passer,
912 3664 979 3724 poqr·
998 3649 1053 3698 nler
1089 3653 1130 3697 res
1151 3649 1182 3699 de
1201 3652 1381 3712 Sciat-Omen
1395 3655 1418 3704 si
1430 3659 1453 3706 le

332 3709 1022 3832 11111ῗῖ11131111111111111111111111
1035 3713 1454 3844 3ἷέἲὲῃξιῖἓὶῗὶῗΐιίῗέἳέξῗ

332 3843 357 3884 et
367 3855 384 3901 y
396 3843 440 3885 eut
451 3835 494 3884 bel
510 3835 659 3900 pongneich
676 3842 701 3884 et
714 3835 774 3882 biau
793 3834 841 3882 tait
859 3833 979 3884 d’armes.
996 3835 1023 3884 si
1040 3853 1056 3899 y
1070 3838 1096 3884 lu
1114 3854 1185 3886 mors
1199 3841 1294 3889 mesire
1306 3843 1409 3892 Pierrer
1422 3845 1452 3894 de

331 3899 487 3952 ,Gourtiaaus
506 3907 532 3948 et
551 3916 592 3948 ses
615 3899 677 3955 fiex,
693 3904 718 3946 et
735 3897 795 3945 bien
815 3897 887 3960 .xvj.‚
906 3913 955 3960 que
974 3898 1120 3946 chevaliers
1139 3917 1189 3964 que
1212 3903 1317 3966 gentiex
1334 3906 1451 3955 hommes

332 3978 477 4024 nvoecqueo
494 3961 544 4018 lui,
565 3968 592 4009 et
610 3978 626 4024 y
646 3961 673 4008 lu
691 3959 783 4008 Aurris
803 3962 897 4007 navrds
917 3967 943 4007 et
964 3960 1009 4024 iij.
1029 3961 1143 4010 eburnus
1160 3968 1218 4012 tues
1235 3966 1345 4015 dessous
1362 3969 1399 4016 lui
1427 3976 1452 4018 et

331 4024 465 4074 Petrisons
476 4027 580 4081 narres,
594 4031 620 4072 et
631 4023 757 4071 demnura
771 4027 842 4069 touta
854 4023 912 4070 uuit
921 4023 1053 4072 Petrisons
1064 4041 1096 4072 en
1109 4025 1169 4074 l'ost
1180 4026 1226 4074 den
1239 4029 1374 4088 Flumenc,
1388 4007 1451 4095 qir'il

331 4103 362 4134 ne
376 4087 428 4135 s'eu
443 4093 504 4150 peut
517 4085 629 4142 revenir,
644 4091 669 4133 et
681 4085 707 4132 le
717 4083 852 4160 perdireut
862 4084 880 4131 li
894 4085 1016 4134 Flumenc
1030 4087 1062 4133 de
1076 4087 1133 4134 leur
1144 4095 1206 4151 gent
1215 4087 1274 4138 bien
1288 4103 1347 4141 ‚rvr¹
1361 4101 1387 4142 et
1398 4095 1450 4142 s'en

330 4157 403 4212 yent
415 4148 475 4198 bien
487 4148 543 4212 pris
559 4148 643 4210 .xxxij.
658 4164 689 4196 eu
703 4161 751 4195 vie.
766 4163 777 4193 ι)
792 4147 860 4194 Β1111,
876 4163 931 4210 roy.
945 4148 977 4196 de
990 4149 1134 4207 Bruxelles,
1149 4167 1197 4198 ms.
1213 4153 1352 4210 iasar-aa,
1367 4159 1384 4204 1.
1396 4159 1447 4204 201.

361 4214 384 4260 ’1.
403 4212 524 4261 Gnucher
540 4211 572 4260 de
591 4209 732 4266 Chaaillon,
754 4209 805 4258 sire
826 4209 858 4257 de
879 4210 987 4258 Porcien
1011 4217 1037 4258 et
1061 4219 1145 4260 comte
1164 4213 1196 4260 de
1218 4215 1357 4274 Sciat-Pol,
1380 4219 1451 4266 aruit

331 4274 440 4322 succede
451 4274 518 4322 dnus
535 4275 561 4322 la
582 4273 679 4382 cbarpe
695 4272 727 4320 de
745 4273 898 4320 connotable
912 4272 943 4319 dc
959 4273 1056 4320 France
1069 4279 1083 4321 1
1094 4275 1178 4323 11110111
1189 4275 1221 4324 de
1234 4278 1320 4338 Nosle,
1335 4281 1448 4329 tombed

331 4336 451 4386 Courtrai
463 4337 543 4402 (1302,
557 4337 584 4384 ll
596 4335 646 4399 jail
668 4335 685 4399 ).
