3168 5204
119 440 182 489 tsoc
501 437 650 488 innatus
667 438 862 488 GANDENSES
1213 433 1244 486 59

119 558 268 622 exercitu
286 557 375 646 regis
397 557 491 622 valde
519 581 639 646 magno
660 555 834 621 collocato.
864 557 1014 644 Cumque
1039 557 1171 621 duobus
1189 556 1242 621 vel

119 659 229 724 tribus
259 660 379 725 diebus
403 660 452 724 sic
479 672 619 747 uterque
645 656 824 736 exercitus,
857 682 944 723 unias
972 683 1011 722 ex
1039 683 1105 722 uno
1138 658 1242 723 latere

116 761 253 850 paludis
272 776 305 827 et
324 763 408 827 alter
430 785 469 826 ex
493 759 598 828 altero
623 760 798 838 resideret,
821 773 853 824 et
874 785 987 851 pugne
1009 759 1240 848 particulares,

119 889 185 953 que
212 864 365 953 preludia
390 864 469 928 belli
493 863 602 928 solent
626 865 751 940 vocari,
779 863 980 952 quibusdam
1017 863 1057 928 de
1093 863 1242 929 exercitu

119 965 319 1031 Flandrensi
348 966 519 1055 peditibus
549 966 803 1030 excurrentibus
826 987 887 1053 per
909 965 1042 1030 strictos
1066 965 1240 1050 transitus,

75 1147 77 1152 ,
118 1071 209 1134 iuter
226 1093 283 1133 eos
304 1068 442 1147 fierent;
466 1068 607 1158 quadam
627 1067 682 1133 die
697 1067 943 1134 valentissimus
960 1069 1066 1147 miles,
1087 1068 1242 1133 dominus

117 1171 160 1236 de
184 1171 360 1236 Genevilla
374 1170 396 1248 ¹,
418 1170 633 1236 excursiones
655 1169 805 1259 peditum
827 1170 1082 1234 Flandrensium
1103 1169 1242 1258 indigne

118 1273 245 1349 serens,
256 1285 417 1338 secetavo
427 1272 478 1336 vel
495 1295 596 1356 nono,
609 1297 683 1336 eum
700 1271 892 1338 fortissimis
907 1272 1083 1337 dextrariis
1094 1272 1136 1336 de
1148 1295 1243 1336 exer-

117 1374 186 1439 citu
220 1376 361 1440 Francis
389 1399 581 1464 erumpens,
610 1373 736 1441 viribus
765 1375 909 1440 credidit
936 1375 1104 1465 quoddam
1127 1398 1242 1463 passa-

116 1477 224 1566 gium,
255 1479 343 1565 quod
382 1481 573 1567 Brugenses
599 1477 846 1554 custodiebant,
882 1477 1039 1556 transire,
1071 1477 1243 1566 aciemque

116 1579 282 1667 ipsorum,
303 1603 401 1668 quam
423 1603 521 1669 supra
543 1581 652 1670 ipsum
670 1579 861 1670 passagium
882 1594 1079 1669 posuerant,
1102 1579 1242 1644 disrum-

116 1705 222 1770 pere3
252 1682 311 1747 sed
337 1706 403 1746 non
426 1683 470 1746 ita
499 1681 564 1746 sibi
584 1682 705 1760 evenit,
728 1684 804 1770 quia
827 1683 867 1748 ab
890 1682 974 1770 ipsis
997 1682 1241 1772 Brugensibus,

117 1783 253 1848 sortiter
268 1797 300 1848 et
316 1784 593 1874 conglobatesibi
612 1784 859 1862 resistentibus,
878 1808 952 1848 cum
968 1783 1123 1850 omnibus
1144 1783 1243 1851 sociis

116 1887 242 1951 suiset
269 1886 445 1952 dextrariis
469 1901 520 1952 est
546 1885 779 1976 interemptus.
806 1886 990 1952 Audientes
1013 1901 1122 1951 autem
1150 1888 1242 1951 Gan-

116 1989 255 2067 denses,
278 1990 326 2054 sic
349 2002 484 2054 strenue
509 1991 700 2080 Brugenses
723 1989 844 2080 egisse,
868 1989 1058 2067 inconsulto
1073 1990 1240 2078 principe,

116 2091 294 2180 premissis
333 2090 513 2156 balistariis
554 2091 726 2180 plurimis,
775 2093 897 2182 quibus
940 2091 1169 2171 abundabant,
1210 2102 1244 2156 et

116 2193 301 2283 assumptis
316 2194 549 2260 instrumentis
565 2208 597 2259 et
611 2195 787 2259 tormentis
802 2195 1001 2283 quibusdam
1021 2193 1151 2259 bellicis
1167 2195 1242 2258 hor·

117 2296 278 2361 ribilibus
302 2314 348 2346 t—
373 2321 438 2385 que
461 2297 600 2360 maxima
641 2296 781 2385 spicula,
816 2297 938 2385 quibus
961 2296 1052 2361 nulla
1078 2308 1242 2360 armatura

115 2401 277 2464 resistere
298 2411 420 2487 potest,
446 2399 646 2488 projiciunt,
669 2411 702 2464 ct
718 2413 878 2463 vocantur
898 2399 939 2464 ad
958 2398 1081 2464 bellum
1096 2397 1244 2488 vulgari-

115 2515 169 2566 ter
188 2501 373 2590 springale,
394 2539 437 2552 -
459 2501 663 2592 passagium,
688 2526 787 2590 supra
812 2501 901 2589 quod
923 2501 988 2590 ipsi
1011 2502 1181 2590 jacebant,
1207 2500 1242 2565 id

115 2619 168 2668 est
190 2603 340 2668 strictam
366 2603 469 2679 viam,
500 2603 533 2667 in
559 2604 727 2691 aliquibus
750 2603 848 2668 etiam
876 2603 958 2669 locis
982 2603 1136 2684 incisam,
1167 2626 1242 2667 eum

116 2707 260 2770 maxima
278 2703 428 2783 audacia,
448 2704 560 2770 invitis
576 2707 713 2770 Francis
730 2718 762 2769 et
775 2719 935 2795 qnantum
948 2717 1130 2794 potuerunt
1147 2704 1243 2769 resis-

112 2809 279 2892 tentibus,
298 2809 515 2873 transierunt.
543 2807 641 2889 Quod
660 2821 695 2872 ut
715 2808 860 2872 innotuit
875 2808 1119 2897 Brugensibus,
1147 2820 1241 2872 tran·

114 2912 248 2976 sierunt
260 2911 358 2974 etiam
372 2922 404 2974 et
417 2910 481 2998 ipsi
494 2933 555 2999 per
570 2933 665 2976 suum
682 2910 886 2999 passagium,
904 2922 936 2974 et
951 2935 1012 3000 per
1027 2929 1239 2999 consequens

113 3027 207 3077 totus
244 3011 409 3077 exercitus
436 3011 664 3090 Flandrensis‚
704 3037 738 3075 se
771 3012 963 3077 coadunans
995 3025 1028 3076 et
1056 3035 1115 3100 per
1138 3025 1239 3076 totum

115 3114 296 3204 quamdam
316 3127 447 3178 noctem
467 3114 500 3178 in
519 3115 619 3178 armis
636 3117 763 3201 jacens.
786 3117 847 3179 Die
865 3127 971 3179 autem
994 3115 1148 3202 sequenti
1163 3115 1240 3180 illu-

115 3229 288 3294 cescente,
310 3216 429 3281 Franci
455 3217 600 3281 ordinati
628 3215 668 3280 ad
690 3216 813 3280 bellum
841 3229 1112 3305 comparuerunt.
1142 3217 1241 3282 Flan-

115 3315 300 3380 drensibus
315 3339 393 3379 vero
414 3314 615 3379 econtrario
631 3314 672 3378 ad
689 3314 811 3378 bellum
832 3339 866 3378 se
885 3314 1158 3403 disponentibus,
1175 3314 1239 3402 ipsi

114 3416 240 3482 Franci
266 3416 395 3506 pedites
417 3441 493 3481 suos
513 3441 628 3480 versus
650 3417 860 3480 Attrebatum
883 3439 957 3480 cum
979 3414 1140 3481 vehiculis
1164 3441 1241 3505 pre·

149 3617 173 3664 1.
193 3615 243 3664 Ges
268 3614 328 3662 faits
350 3615 457 3663 doivent
474 3618 529 3664 etro
541 3615 616 3664 dates
636 3615 670 3663 dn
692 3615 792 3664 semodi
810 3616 839 3662 ts
856 3615 943 3678 juillet
956 3616 1026 3664 1³04.
1048 3617 1084 3666 Le
1098 3616 1242 3680 Chroniquc

117 3678 265 3726 ortesienne
278 3693 310 3724 en
323 3677 408 3725 donne
420 3679 446 3724 la
460 3678 570 3725 relation
586 3679 706 3725 suivante
719 3695 725 3725 :
740 3695 752 3724 a
767 3678 798 3724 Et
810 3693 841 3724 en
854 3678 901 3725 che
914 3677 989 3741 point
1005 3679 1092 3726 sciscit
1102 3678 1120 3725 li
1131 3679 1197 3726 sires
1210 3679 1242 3727 de

116 3740 289 3789 Vnucculour
301 3746 326 3786 et
338 3740 356 3787 li
370 3741 436 3787 sires
444 3739 476 3786 de
487 3741 679 3788 Sciat-Venant
690 3741 714 3788 le
727 3740 782 3803 gait
793 3756 838 3788 sur
848 3741 872 3787 le
882 3740 991 3787 cauchie
1002 3740 1037 3788 du
1049 3741 1115 3789 Pont
1126 3741 1158 3789 de
1170 3741 1243 3788 Wen-

117 3805 172 3858 din,
191 3819 242 3866 par
260 3803 357 3853 devant
373 3802 432 3850 l'ost
450 3802 473 3849 le
491 3802 668 3858 connestable,
690 3803 711 3848 si
731 3801 874 3864 paletoient
892 3802 911 3849 li
930 3803 1051 3852 Flamenc
1068 3811 1094 3850 et
1110 3815 1158 3850 nos
1177 3819 1241 3868 gens

117 3865 227 3913 ensanle
238 3881 253 3911 a
266 3871 324 3912 tous
337 3866 374 3912 les
390 3865 425 3926 .ij.
442 3881 500 3928 pas,
514 3871 539 3911 et
552 3866 578 3911 lu
591 3870 662 3912 toute
673 3863 692 3910 li
703 3881 732 3911 os
746 3867 834 3912 armoe
845 3871 870 3912 et
880 3869 965 3912 tontes
978 3864 1017 3913 les
1027 3865 1151 3914 batailles
1163 3867 1242 3913 mises

118 3945 149 3976 cn
161 3927 263 3976 conroi.
276 3929 308 3976 Et
320 3928 339 3974 li
351 3928 472 3976 Flamenc
486 3926 610 3974 metcient
623 3927 700 3998 paine
714 3943 729 3974 a
741 3943 836 4000 passer
855 3934 880 3976 et
892 3927 998 3975 avolent
1009 3928 1089 3976 cloies
1107 3945 1168 3976 seur
1180 3929 1240 3991 quoi

118 3991 137 4038 il
149 3989 289 4054 passoient
298 3989 384 4053 parmi
393 3991 430 4036 les
441 3991 536 4036 mares.
552 3989 578 4036 Si
592 3995 723 4052 erratque
733 3988 750 4036 lr
765 3989 830 4036 sires
841 3989 873 4036 de
886 3991 1060 4045 Vauconlcur,
1075 3990 1112 4038 lui
1142 3999 1200 4038 uart
1210 3991 1241 4038 de

119 4047 277 4109 chevaliers,
289 4058 315 4098 et
329 4052 364 4114 .ij.
379 4050 503 4107 esculenti,
518 4051 635 4113 yturent
648 4057 724 4107 mort,
737 4051 807 4099 droit
819 4067 833 4098 a
845 4053 870 4098 le
882 4058 957 4116 porte
970 4051 1004 4098 dn
1015 4054 1081 4100 Pont
1092 4052 1123 4099 dc
1164 4053 1241 4100 endin

119 4122 145 4162 et
158 4117 247 4162 tarent
259 4129 366 4162 reseous
380 4121 437 4162 tout
449 4120 518 4162 mort
528 4119 555 4161 et
567 4116 673 4176 reporto
684 4117 699 4160 n
712 4116 802 4172 Arras,
816 4129 883 4178 pour
896 4121 978 4162 matre
989 4131 1019 4161 en
1033 4122 1097 4171 tere,
1111 4123 1136 4164 et
1146 4115 1164 4162 li
1179 4132 1242 4164 con-

121 4175 255 4224 nestables
273 4175 406 4223 mandale
423 4193 529 4224 secours
548 4175 653 4223 &Acras
672 4182 697 4223 et
714 4173 898 4223 demourerent
913 4176 959 4222 des
978 4177 1057 4224 l'eure
1075 4177 1106 4224 de
1124 4193 1241 4240 vespres,

118 4246 191 4288 tonte
201 4239 265 4302 jour
275 4245 301 4285 et
310 4245 381 4286 toute
395 4239 459 4294 nuit,
472 4255 487 4285 a
500 4239 641 4285 l'encontre
653 4237 699 4284 des
713 4239 835 4285 Flamens
848 4238 893 4303 qui
911 4245 984 4286 mont
1000 4239 1193 4288 s'efforcboient
1210 4240 1241 4287 de

119 4317 222 4368 passer.
237 4317 249 4348 a
264 4301 332 4352 Bibl.
347 4317 404 4367 roy.
415 4301 446 4350 de
459 4300 604 4357 Bruxelles,
620 4316 666 4350 ms.
683 4301 825 4364 rasel-64,
841 4303 858 4348 l.
872 4303 917 4350 204
930 4310 965 4349 v⁰.
