<?xml version="1.0" encoding="UTF-8"?>
<!DOCTYPE html PUBLIC "-//W3C//DTD XHTML 1.0 Transitional//EN"
    "http://www.w3.org/TR/xhtml1/DTD/xhtml1-transitional.dtd">
<html xmlns="http://www.w3.org/1999/xhtml" xml:lang="en" lang="en">
 <head>
  <title>
</title>
<meta http-equiv="Content-Type" content="text/html;charset=utf-8" />
  <meta name='ocr-system' content='tesseract 3.04.00' />
  <meta name='ocr-capabilities' content='ocr_page ocr_carea ocr_par ocr_line ocrx_word'/>
</head>
<body>
  <div class='ocr_page' id='page_1' title='image "./annalesgandense00funcgoog_0160.png"; bbox 0 0 3154 5190; ppageno 0'>
   <div class='ocr_carea' id='block_1_1' title="bbox 325 389 1443 450">
    <p class='ocr_par' dir='ltr' id='par_1_1' title="bbox 325 389 1443 450">
     <span class='ocr_line' id='line_1_1' title="bbox 325 389 1443 450; baseline -0.004 -1"><span class='ocrx_word' id='word_1_1' title='bbox 325 393 372 450; x_wconf 83' lang='lat' dir='ltr'><strong>too</strong></span> <span class='ocrx_word' id='word_1_2' title='bbox 703 390 854 450; x_wconf 75' lang='lat' dir='ltr'><strong>innatas</strong></span> <span class='ocrx_word' id='word_1_3' title='bbox 871 389 1066 449; x_wconf 74' lang='lat' dir='ltr'><strong>aannndsas</strong></span> <span class='ocrx_word' id='word_1_4' title='bbox 1382 390 1443 445; x_wconf 81' lang='lat' dir='ltr'><strong>tara</strong></span> 
     </span>
    </p>
   </div>
   <div class='ocr_carea' id='block_1_2' title="bbox 319 513 1444 1223">
    <p class='ocr_par' dir='ltr' id='par_1_2' title="bbox 319 513 1444 1223">
     <span class='ocr_line' id='line_1_2' title="bbox 324 513 1443 605; baseline -0.004 -21"><span class='ocrx_word' id='word_1_5' title='bbox 324 519 390 598; x_wconf 91' lang='lat' dir='ltr'><strong>die,</strong></span> <span class='ocrx_word' id='word_1_6' title='bbox 412 513 583 596; x_wconf 85' lang='lat' dir='ltr'><strong>Flandrie,</strong></span> <span class='ocrx_word' id='word_1_7' title='bbox 602 517 794 597; x_wconf 88' lang='lat' dir='ltr'><strong>Brabantie,</strong></span> <span class='ocrx_word' id='word_1_8' title='bbox 811 517 1020 596; x_wconf 70' lang='lat' dir='ltr'><strong>allemannie,</strong></span> <span class='ocrx_word' id='word_1_9' title='bbox 1044 542 1079 582; x_wconf 89' lang='lat' dir='ltr'><strong>se</strong></span> <span class='ocrx_word' id='word_1_10' title='bbox 1099 517 1191 605; x_wconf 87' lang='lat' dir='ltr'><strong>ipsos</strong></span> <span class='ocrx_word' id='word_1_11' title='bbox 1209 517 1281 582; x_wconf 86' lang='lat' dir='ltr'><strong>sine</strong></span> <span class='ocrx_word' id='word_1_12' title='bbox 1297 516 1443 604; x_wconf 91' lang='lat' dir='ltr'><strong>prelato·</strong></span> 
     </span>
     <span class='ocr_line' id='line_1_3' title="bbox 324 618 1442 717; baseline -0.003 -31"><span class='ocrx_word' id='word_1_13' title='bbox 324 646 397 687; x_wconf 90' lang='lat' dir='ltr'><strong>rum</strong></span> <span class='ocrx_word' id='word_1_14' title='bbox 414 620 555 686; x_wconf 91' lang='lat' dir='ltr'><strong>consilio</strong></span> <span class='ocrx_word' id='word_1_15' title='bbox 571 644 669 684; x_wconf 91' lang='lat' dir='ltr'><strong>cruce</strong></span> <span class='ocrx_word' id='word_1_16' title='bbox 683 620 872 711; x_wconf 81' lang='lat' dir='ltr'><strong>signantes,</strong></span> <span class='ocrx_word' id='word_1_17' title='bbox 889 631 926 684; x_wconf 89' lang='lat' dir='ltr'><strong>ut</strong></span> <span class='ocrx_word' id='word_1_18' title='bbox 941 621 1078 686; x_wconf 83' lang='lat' dir='ltr'><strong>Terram</strong></span> <span class='ocrx_word' id='word_1_19' title='bbox 1098 620 1252 684; x_wconf 82' lang='lat' dir='ltr'><strong>Sanctam</strong></span> <span class='ocrx_word' id='word_1_20' title='bbox 1268 618 1442 717; x_wconf 30' lang='lat' dir='ltr'><strong>con-quire·</strong></span> 
     </span>
     <span class='ocr_line' id='line_1_4' title="bbox 322 721 1443 811; baseline -0.003 -23"><span class='ocrx_word' id='word_1_21' title='bbox 322 723 473 802; x_wconf 83' lang='lat' dir='ltr'><strong>rentur¹,</strong></span> <span class='ocrx_word' id='word_1_22' title='bbox 498 746 613 788; x_wconf 88' lang='lat' dir='ltr'><strong>versus</strong></span> <span class='ocrx_word' id='word_1_23' title='bbox 643 721 768 788; x_wconf 89' lang='lat' dir='ltr'><strong>curiam</strong></span> <span class='ocrx_word' id='word_1_24' title='bbox 789 725 990 804; x_wconf 83' lang='lat' dir='ltr'><strong>Romanam,</strong></span> <span class='ocrx_word' id='word_1_25' title='bbox 1012 745 1078 811; x_wconf 91' lang='lat' dir='ltr'><strong>que</strong></span> <span class='ocrx_word' id='word_1_26' title='bbox 1098 735 1178 787; x_wconf 90' lang='lat' dir='ltr'><strong>tunc</strong></span> <span class='ocrx_word' id='word_1_27' title='bbox 1198 735 1269 786; x_wconf 89' lang='lat' dir='ltr'><strong>erat</strong></span> <span class='ocrx_word' id='word_1_28' title='bbox 1295 722 1330 786; x_wconf 90' lang='lat' dir='ltr'><strong>in</strong></span> <span class='ocrx_word' id='word_1_29' title='bbox 1359 722 1443 786; x_wconf 83' lang='lat' dir='ltr'><strong>Ave·</strong></span> 
     </span>
     <span class='ocr_line' id='line_1_5' title="bbox 322 823 1444 914; baseline -0.002 -24"><span class='ocrx_word' id='word_1_30' title='bbox 322 825 434 904; x_wconf 87' lang='lat' dir='ltr'><strong>nicae,</strong></span> <span class='ocrx_word' id='word_1_31' title='bbox 456 839 491 890; x_wconf 91' lang='lat' dir='ltr'><strong>ut</strong></span> <span class='ocrx_word' id='word_1_32' title='bbox 511 849 708 891; x_wconf 90' lang='lat' dir='ltr'><strong>concessum</strong></span> <span class='ocrx_word' id='word_1_33' title='bbox 723 849 809 914; x_wconf 90' lang='lat' dir='ltr'><strong>pape</strong></span> <span class='ocrx_word' id='word_1_34' title='bbox 825 839 857 890; x_wconf 93' lang='lat' dir='ltr'><strong>et</strong></span> <span class='ocrx_word' id='word_1_35' title='bbox 877 824 1097 891; x_wconf 81' lang='lat' dir='ltr'><strong>cardinalium</strong></span> <span class='ocrx_word' id='word_1_36' title='bbox 1117 849 1154 888; x_wconf 87' lang='lat' dir='ltr'><strong>ac</strong></span> <span class='ocrx_word' id='word_1_37' title='bbox 1169 823 1328 889; x_wconf 84' lang='lat' dir='ltr'><strong>auxilium</strong></span> <span class='ocrx_word' id='word_1_38' title='bbox 1349 837 1444 914; x_wconf 91' lang='lat' dir='ltr'><strong>pete-</strong></span> 
     </span>
     <span class='ocr_line' id='line_1_6' title="bbox 323 925 1444 1016; baseline -0.003 -23"><span class='ocrx_word' id='word_1_39' title='bbox 323 941 408 1007; x_wconf 87' lang='lat' dir='ltr'><strong>rent,</strong></span> <span class='ocrx_word' id='word_1_40' title='bbox 425 925 567 1016; x_wconf 88' lang='lat' dir='ltr'><strong>profecti</strong></span> <span class='ocrx_word' id='word_1_41' title='bbox 588 941 677 992; x_wconf 88' lang='lat' dir='ltr'><strong>sunt.</strong></span> <span class='ocrx_word' id='word_1_42' title='bbox 695 928 825 1012; x_wconf 86' lang='lat' dir='ltr'><strong>Quibus</strong></span> <span class='ocrx_word' id='word_1_43' title='bbox 842 927 890 993; x_wconf 89' lang='lat' dir='ltr'><strong>eis</strong></span> <span class='ocrx_word' id='word_1_44' title='bbox 905 950 973 992; x_wconf 89' lang='lat' dir='ltr'><strong>non</strong></span> <span class='ocrx_word' id='word_1_45' title='bbox 994 927 1232 1003; x_wconf 83' lang='lat' dir='ltr'><strong>annuentibus,</strong></span> <span class='ocrx_word' id='word_1_46' title='bbox 1247 927 1325 1016; x_wconf 90' lang='lat' dir='ltr'><strong>quia</strong></span> <span class='ocrx_word' id='word_1_47' title='bbox 1341 926 1444 991; x_wconf 90' lang='lat' dir='ltr'><strong>duces</strong></span> 
     </span>
     <span class='ocr_line' id='line_1_7' title="bbox 321 1027 1444 1118; baseline -0.001 -25"><span class='ocrx_word' id='word_1_48' title='bbox 321 1030 480 1108; x_wconf 87' lang='lat' dir='ltr'><strong>valentes,</strong></span> <span class='ocrx_word' id='word_1_49' title='bbox 501 1029 621 1096; x_wconf 88' lang='lat' dir='ltr'><strong>divites</strong></span> <span class='ocrx_word' id='word_1_50' title='bbox 637 1044 670 1094; x_wconf 87' lang='lat' dir='ltr'><strong>et</strong></span> <span class='ocrx_word' id='word_1_51' title='bbox 689 1042 843 1118; x_wconf 87' lang='lat' dir='ltr'><strong>potentes</strong></span> <span class='ocrx_word' id='word_1_52' title='bbox 866 1053 933 1096; x_wconf 92' lang='lat' dir='ltr'><strong>non</strong></span> <span class='ocrx_word' id='word_1_53' title='bbox 956 1029 1160 1108; x_wconf 90' lang='lat' dir='ltr'><strong>habuerunt,</strong></span> <span class='ocrx_word' id='word_1_54' title='bbox 1183 1027 1239 1118; x_wconf 92' lang='lat' dir='ltr'><strong>qui</strong></span> <span class='ocrx_word' id='word_1_55' title='bbox 1260 1028 1444 1095; x_wconf 88' lang='lat' dir='ltr'><strong>indiscrete</strong></span> 
     </span>
     <span class='ocr_line' id='line_1_8' title="bbox 319 1130 1160 1223; baseline 0.004 -27"><span class='ocrx_word' id='word_1_56' title='bbox 319 1130 439 1211; x_wconf 89' lang='lat' dir='ltr'><strong>ierant,</strong></span> <span class='ocrx_word' id='word_1_57' title='bbox 459 1156 534 1198; x_wconf 87' lang='lat' dir='ltr'><strong>cum</strong></span> <span class='ocrx_word' id='word_1_58' title='bbox 550 1131 747 1198; x_wconf 84' lang='lat' dir='ltr'><strong>confusione</strong></span> <span class='ocrx_word' id='word_1_59' title='bbox 763 1131 805 1197; x_wconf 89' lang='lat' dir='ltr'><strong>ad</strong></span> <span class='ocrx_word' id='word_1_60' title='bbox 821 1133 958 1223; x_wconf 89' lang='lat' dir='ltr'><strong>propria</strong></span> <span class='ocrx_word' id='word_1_61' title='bbox 975 1131 1160 1199; x_wconf 87' lang='lat' dir='ltr'><strong>redierunt.</strong></span> 
     </span>
    </p>
   </div>
   <div class='ocr_carea' id='block_1_3' title="bbox 816 1413 1024 1481">
    <p class='ocr_par' dir='ltr' id='par_1_3' title="bbox 816 1413 1024 1481">
     <span class='ocr_line' id='line_1_9' title="bbox 816 1413 1024 1481; baseline 0.005 -2"><span class='ocrx_word' id='word_1_62' title='bbox 816 1413 943 1481; x_wconf 53' lang='lat'><strong>1310,</strong></span> <span class='ocrx_word' id='word_1_63' title='bbox 1021 1437 1024 1444; x_wconf 74' lang='grc'>’</span> 
     </span>
    </p>
   </div>
   <div class='ocr_carea' id='block_1_4' title="bbox 232 1604 1447 2517">
    <p class='ocr_par' dir='ltr' id='par_1_4' title="bbox 232 1604 1445 1889">
     <span class='ocr_line' id='line_1_10' title="bbox 364 1604 1442 1684; baseline -0.003 -12"><span class='ocrx_word' id='word_1_64' title='bbox 364 1605 461 1672; x_wconf 82' lang='lat' dir='ltr'><strong>Anno</strong></span> <span class='ocrx_word' id='word_1_65' title='bbox 483 1607 617 1674; x_wconf 91' lang='lat' dir='ltr'><strong>Domini</strong></span> <span class='ocrx_word' id='word_1_66' title='bbox 647 1609 867 1684; x_wconf 87' lang='lat' dir='ltr'><strong>.M.CCC.X.,</strong></span> <span class='ocrx_word' id='word_1_67' title='bbox 899 1607 988 1672; x_wconf 89' lang='lat' dir='ltr'><strong>circa</strong></span> <span class='ocrx_word' id='word_1_68' title='bbox 1019 1605 1164 1673; x_wconf 88' lang='lat' dir='ltr'><strong>medinm</strong></span> <span class='ocrx_word' id='word_1_69' title='bbox 1199 1604 1323 1672; x_wconf 85' lang='lat' dir='ltr'><strong>mensis</strong></span> <span class='ocrx_word' id='word_1_70' title='bbox 1348 1605 1442 1683; x_wconf 90' lang='lat' dir='ltr'><strong>Maii,</strong></span> 
     </span>
     <span class='ocr_line' id='line_1_11' title="bbox 232 1706 1445 1799; baseline 0 -26"><span class='ocrx_word' id='word_1_71' title='bbox 232 1735 235 1744; x_wconf 73' lang='grc'><em>’</em></span> <span class='ocrx_word' id='word_1_72' title='bbox 322 1723 463 1798; x_wconf 90' lang='lat' dir='ltr'><strong>quatuor</strong></span> <span class='ocrx_word' id='word_1_73' title='bbox 478 1709 657 1797; x_wconf 88' lang='lat' dir='ltr'><strong>templarii,</strong></span> <span class='ocrx_word' id='word_1_74' title='bbox 675 1710 798 1799; x_wconf 90' lang='lat' dir='ltr'><strong>quibus</strong></span> <span class='ocrx_word' id='word_1_75' title='bbox 817 1710 942 1774; x_wconf 89' lang='lat' dir='ltr'><strong>crimen</strong></span> <span class='ocrx_word' id='word_1_76' title='bbox 964 1708 1093 1774; x_wconf 86' lang='lat' dir='ltr'><strong>heresis</strong></span> <span class='ocrx_word' id='word_1_77' title='bbox 1115 1721 1148 1773; x_wconf 91' lang='lat' dir='ltr'><strong>et</strong></span> <span class='ocrx_word' id='word_1_78' title='bbox 1168 1707 1319 1774; x_wconf 90' lang='lat' dir='ltr'><strong>sodomie</strong></span> <span class='ocrx_word' id='word_1_79' title='bbox 1335 1706 1445 1796; x_wconf 90' lang='lat' dir='ltr'><strong>impo-</strong></span> 
     </span>
     <span class='ocr_line' id='line_1_12' title="bbox 323 1810 973 1889; baseline 0 -14"><span class='ocrx_word' id='word_1_80' title='bbox 323 1814 477 1889; x_wconf 87' lang='lat' dir='ltr'><strong>nebatur,</strong></span> <span class='ocrx_word' id='word_1_81' title='bbox 498 1811 645 1878; x_wconf 84' lang='lat' dir='ltr'><strong>Parisios</strong></span> <span class='ocrx_word' id='word_1_82' title='bbox 667 1825 744 1876; x_wconf 91' lang='lat' dir='ltr'><strong>sunt</strong></span> <span class='ocrx_word' id='word_1_83' title='bbox 757 1810 973 1877; x_wconf 89' lang='lat' dir='ltr'><strong>concremati.</strong></span> 
     </span>
    </p>

    <p class='ocr_par' dir='ltr' id='par_1_5' title="bbox 320 1911 1447 2517">
     <span class='ocr_line' id='line_1_13' title="bbox 366 1911 1445 1994; baseline -0.004 -14"><span class='ocrx_word' id='word_1_84' title='bbox 366 1917 481 1980; x_wconf 90' lang='lat' dir='ltr'><strong>Mense</strong></span> <span class='ocrx_word' id='word_1_85' title='bbox 510 1915 609 1994; x_wconf 80' lang='lat' dir='ltr'><strong>lulio,</strong></span> <span class='ocrx_word' id='word_1_86' title='bbox 639 1938 750 1980; x_wconf 88' lang='lat' dir='ltr'><strong>comes</strong></span> <span class='ocrx_word' id='word_1_87' title='bbox 781 1915 949 1981; x_wconf 86' lang='lat' dir='ltr'><strong>Robertus</strong></span> <span class='ocrx_word' id='word_1_88' title='bbox 971 1913 1149 1978; x_wconf 89' lang='lat' dir='ltr'><strong>maximum</strong></span> <span class='ocrx_word' id='word_1_89' title='bbox 1172 1925 1207 1977; x_wconf 89' lang='lat' dir='ltr'><strong>et</strong></span> <span class='ocrx_word' id='word_1_90' title='bbox 1226 1911 1445 1978; x_wconf 80' lang='lat' dir='ltr'><strong>fortissimum</strong></span> 
     </span>
     <span class='ocr_line' id='line_1_14' title="bbox 320 2011 1447 2106; baseline -0.001 -26"><span class='ocrx_word' id='word_1_91' title='bbox 320 2041 357 2080; x_wconf 88' lang='lat' dir='ltr'><strong>ac</strong></span> <span class='ocrx_word' id='word_1_92' title='bbox 371 2016 465 2083; x_wconf 85' lang='lat' dir='ltr'><strong>valde</strong></span> <span class='ocrx_word' id='word_1_93' title='bbox 478 2016 701 2082; x_wconf 87' lang='lat' dir='ltr'><strong>voluntarium</strong></span> <span class='ocrx_word' id='word_1_94' title='bbox 713 2017 1041 2106; x_wconf 89' lang='lat' dir='ltr'><strong>pulcherrimumque</strong></span> <span class='ocrx_word' id='word_1_95' title='bbox 1055 2016 1096 2080; x_wconf 94' lang='lat' dir='ltr'><strong>de</strong></span> <span class='ocrx_word' id='word_1_96' title='bbox 1107 2027 1177 2080; x_wconf 89' lang='lat' dir='ltr'><strong>tota</strong></span> <span class='ocrx_word' id='word_1_97' title='bbox 1187 2028 1276 2081; x_wconf 88' lang='lat' dir='ltr'><strong>terra</strong></span> <span class='ocrx_word' id='word_1_98' title='bbox 1287 2011 1447 2081; x_wconf 88' lang='lat' dir='ltr'><strong>Flandria</strong></span> 
     </span>
     <span class='ocr_line' id='line_1_15' title="bbox 320 2118 1446 2210; baseline -0.001 -28"><span class='ocrx_word' id='word_1_99' title='bbox 320 2118 569 2210; x_wconf 90' lang='lat' dir='ltr'><strong>Flamingante,</strong></span> <span class='ocrx_word' id='word_1_100' title='bbox 604 2119 691 2184; x_wconf 90' lang='lat' dir='ltr'><strong>inter</strong></span> <span class='ocrx_word' id='word_1_101' title='bbox 723 2118 1010 2185; x_wconf 85' lang='lat' dir='ltr'><strong>Geraldimontom</strong></span> <span class='ocrx_word' id='word_1_102' title='bbox 1037 2131 1071 2184; x_wconf 93' lang='lat' dir='ltr'><strong>et</strong></span> <span class='ocrx_word' id='word_1_103' title='bbox 1109 2119 1294 2183; x_wconf 89' lang='lat' dir='ltr'><strong>llanoniam</strong></span> <span class='ocrx_word' id='word_1_104' title='bbox 1328 2141 1446 2184; x_wconf 84' lang='lat' dir='ltr'><strong>versus</strong></span> 
     </span>
     <span class='ocr_line' id='line_1_16' title="bbox 322 2219 1447 2311; baseline 0.001 -28"><span class='ocrx_word' id='word_1_105' title='bbox 322 2221 507 2297; x_wconf 86' lang='lat' dir='ltr'><strong>Lessinum,</strong></span> <span class='ocrx_word' id='word_1_106' title='bbox 529 2234 565 2286; x_wconf 91' lang='lat' dir='ltr'><strong>ut</strong></span> <span class='ocrx_word' id='word_1_107' title='bbox 586 2245 685 2311; x_wconf 88' lang='lat' dir='ltr'><strong>supra</strong></span> <span class='ocrx_word' id='word_1_108' title='bbox 704 2232 812 2309; x_wconf 89' lang='lat' dir='ltr'><strong>patet,</strong></span> <span class='ocrx_word' id='word_1_109' title='bbox 836 2246 851 2285; x_wconf 88' lang='lat' dir='ltr'><strong>a</strong></span> <span class='ocrx_word' id='word_1_110' title='bbox 871 2220 1136 2287; x_wconf 88' lang='lat' dir='ltr'><strong>Flandrensibus</strong></span> <span class='ocrx_word' id='word_1_111' title='bbox 1156 2233 1232 2285; x_wconf 90' lang='lat' dir='ltr'><strong>ante</strong></span> <span class='ocrx_word' id='word_1_112' title='bbox 1246 2243 1351 2285; x_wconf 88' lang='lat' dir='ltr'><strong>annos</strong></span> <span class='ocrx_word' id='word_1_113' title='bbox 1367 2219 1447 2284; x_wconf 89' lang='lat' dir='ltr'><strong>des·</strong></span> 
     </span>
     <span class='ocr_line' id='line_1_17' title="bbox 321 2322 1447 2414; baseline 0 -28"><span class='ocrx_word' id='word_1_114' title='bbox 321 2335 478 2402; x_wconf 83' lang='lat' dir='ltr'><strong>tructam,</strong></span> <span class='ocrx_word' id='word_1_115' title='bbox 508 2323 724 2414; x_wconf 81' lang='lat' dir='ltr'><strong>congregavit</strong></span> <span class='ocrx_word' id='word_1_116' title='bbox 741 2323 941 2403; x_wconf 87' lang='lat' dir='ltr'><strong>exercitum,</strong></span> <span class='ocrx_word' id='word_1_117' title='bbox 960 2327 1077 2412; x_wconf 88' lang='lat' dir='ltr'><strong>jurans</strong></span> <span class='ocrx_word' id='word_1_118' title='bbox 1093 2347 1153 2412; x_wconf 92' lang='lat' dir='ltr'><strong>per</strong></span> <span class='ocrx_word' id='word_1_119' title='bbox 1175 2325 1295 2401; x_wconf 88' lang='lat' dir='ltr'><strong>Deum,</strong></span> <span class='ocrx_word' id='word_1_120' title='bbox 1317 2322 1393 2411; x_wconf 89' lang='lat' dir='ltr'><strong>ipse</strong></span> <span class='ocrx_word' id='word_1_121' title='bbox 1414 2335 1447 2386; x_wconf 87' lang='lat' dir='ltr'><strong>et</strong></span> 
     </span>
     <span class='ocr_line' id='line_1_18' title="bbox 322 2424 1447 2517; baseline 0.001 -29"><span class='ocrx_word' id='word_1_122' title='bbox 322 2424 381 2488; x_wconf 87' lang='lat' dir='ltr'><strong>filii</strong></span> <span class='ocrx_word' id='word_1_123' title='bbox 403 2426 465 2502; x_wconf 90' lang='lat' dir='ltr'><strong>sni,</strong></span> <span class='ocrx_word' id='word_1_124' title='bbox 489 2425 601 2490; x_wconf 88' lang='lat' dir='ltr'><strong>multis</strong></span> <span class='ocrx_word' id='word_1_125' title='bbox 621 2425 805 2491; x_wconf 86' lang='lat' dir='ltr'><strong>maledictis</strong></span> <span class='ocrx_word' id='word_1_126' title='bbox 828 2451 864 2492; x_wconf 92' lang='lat' dir='ltr'><strong>se</strong></span> <span class='ocrx_word' id='word_1_127' title='bbox 880 2426 1169 2517; x_wconf 89' lang='lat' dir='ltr'><strong>constringentes,</strong></span> <span class='ocrx_word' id='word_1_128' title='bbox 1191 2427 1220 2490; x_wconf 92' lang='lat' dir='ltr'><strong>si</strong></span> <span class='ocrx_word' id='word_1_129' title='bbox 1241 2449 1306 2491; x_wconf 91' lang='lat' dir='ltr'><strong>non</strong></span> <span class='ocrx_word' id='word_1_130' title='bbox 1325 2426 1447 2514; x_wconf 91' lang='lat' dir='ltr'><strong>imple·</strong></span> 
     </span>
    </p>
   </div>
   <div class='ocr_carea' id='block_1_5' title="bbox 322 2528 1554 2723">
    <p class='ocr_par' dir='ltr' id='par_1_6' title="bbox 322 2528 1554 2723">
     <span class='ocr_line' id='line_1_19' title="bbox 322 2528 1554 2622; baseline 0.001 -32"><span class='ocrx_word' id='word_1_131' title='bbox 322 2539 397 2591; x_wconf 90' lang='lat' dir='ltr'><strong>rent</strong></span> <span class='ocrx_word' id='word_1_132' title='bbox 412 2529 650 2615; x_wconf 89' lang='lat' dir='ltr'><strong>juramentum,</strong></span> <span class='ocrx_word' id='word_1_133' title='bbox 671 2528 760 2618; x_wconf 94' lang='lat' dir='ltr'><strong>quod</strong></span> <span class='ocrx_word' id='word_1_134' title='bbox 778 2528 819 2594; x_wconf 94' lang='lat' dir='ltr'><strong>de</strong></span> <span class='ocrx_word' id='word_1_135' title='bbox 834 2541 902 2594; x_wconf 88' lang='lat' dir='ltr'><strong>tota</strong></span> <span class='ocrx_word' id='word_1_136' title='bbox 920 2554 1054 2620; x_wconf 86' lang='lat' dir='ltr'><strong>guerra,</strong></span> <span class='ocrx_word' id='word_1_137' title='bbox 1077 2553 1141 2617; x_wconf 92' lang='lat' dir='ltr'><strong>que</strong></span> <span class='ocrx_word' id='word_1_138' title='bbox 1162 2528 1305 2616; x_wconf 82' lang='lat' dir='ltr'><strong>fereper</strong></span> <span class='ocrx_word' id='word_1_139' title='bbox 1329 2529 1444 2594; x_wconf 69' lang='lat' dir='ltr'><strong>LXX.</strong></span> <span class='ocrx_word' id='word_1_140' title='bbox 1553 2586 1554 2622; x_wconf 55' lang='lat'><strong>,</strong></span> 
     </span>
     <span class='ocr_line' id='line_1_20' title="bbox 322 2629 1554 2723; baseline 0.002 -31"><span class='ocrx_word' id='word_1_141' title='bbox 322 2653 427 2694; x_wconf 89' lang='lat' dir='ltr'><strong>annos</strong></span> <span class='ocrx_word' id='word_1_142' title='bbox 463 2630 639 2696; x_wconf 87' lang='lat' dir='ltr'><strong>duraverat</strong></span> <span class='ocrx_word' id='word_1_143' title='bbox 665 2631 806 2696; x_wconf 91' lang='lat' dir='ltr'><strong>-licet</strong></span> <span class='ocrx_word' id='word_1_144' title='bbox 829 2631 1009 2723; x_wconf 89' lang='lat' dir='ltr'><strong>aliqnando</strong></span> <span class='ocrx_word' id='word_1_145' title='bbox 1045 2629 1301 2696; x_wconf 73' lang='lat' dir='ltr'><strong>interfluxerunt</strong></span> <span class='ocrx_word' id='word_1_146' title='bbox 1334 2629 1447 2718; x_wconf 88' lang='lat' dir='ltr'><strong>aliqua</strong></span> <span class='ocrx_word' id='word_1_147' title='bbox 1553 2673 1554 2676; x_wconf 58' lang='lat'><em>=</em></span> 
     </span>
    </p>
   </div>
   <div class='ocr_carea' id='block_1_6' title="bbox 320 2731 1448 4053">
    <p class='ocr_par' dir='ltr' id='par_1_7' title="bbox 320 2731 1448 4053">
     <span class='ocr_line' id='line_1_21' title="bbox 321 2731 1448 2826; baseline 0.001 -31"><span class='ocrx_word' id='word_1_148' title='bbox 321 2731 493 2798; x_wconf 89' lang='lat' dir='ltr'><strong>intervalla</strong></span> <span class='ocrx_word' id='word_1_149' title='bbox 508 2747 714 2824; x_wconf 87' lang='lat' dir='ltr'><strong>treugarum,</strong></span> <span class='ocrx_word' id='word_1_150' title='bbox 731 2774 775 2784; x_wconf 93' lang='lat'><strong>--</strong></span> <span class='ocrx_word' id='word_1_151' title='bbox 793 2734 881 2798; x_wconf 90' lang='lat' dir='ltr'><strong>inter</strong></span> <span class='ocrx_word' id='word_1_152' title='bbox 896 2735 1136 2826; x_wconf 88' lang='lat' dir='ltr'><strong>Margaretam,</strong></span> <span class='ocrx_word' id='word_1_153' title='bbox 1157 2731 1263 2798; x_wconf 89' lang='lat' dir='ltr'><strong>aviam</strong></span> <span class='ocrx_word' id='word_1_154' title='bbox 1284 2755 1394 2810; x_wconf 90' lang='lat' dir='ltr'><strong>suam,</strong></span> <span class='ocrx_word' id='word_1_155' title='bbox 1414 2745 1448 2796; x_wconf 90' lang='lat' dir='ltr'><strong>et</strong></span> 
     </span>
     <span class='ocr_line' id='line_1_22' title="bbox 320 2833 1444 2926; baseline 0 -28"><span class='ocrx_word' id='word_1_156' title='bbox 320 2848 448 2922; x_wconf 90' lang='lat' dir='ltr'><strong>patrem</strong></span> <span class='ocrx_word' id='word_1_157' title='bbox 473 2833 675 2914; x_wconf 90' lang='lat' dir='ltr'><strong>Gnidonem,</strong></span> <span class='ocrx_word' id='word_1_158' title='bbox 702 2835 880 2926; x_wconf 87' lang='lat' dir='ltr'><strong>ipsumque</strong></span> <span class='ocrx_word' id='word_1_159' title='bbox 905 2849 940 2902; x_wconf 89' lang='lat' dir='ltr'><strong>et</strong></span> <span class='ocrx_word' id='word_1_160' title='bbox 958 2837 1077 2901; x_wconf 79' lang='lat' dir='ltr'><strong>iratres</strong></span> <span class='ocrx_word' id='word_1_161' title='bbox 1098 2859 1175 2900; x_wconf 90' lang='lat' dir='ltr'><strong>suos</strong></span> <span class='ocrx_word' id='word_1_162' title='bbox 1193 2859 1233 2900; x_wconf 85' lang='lat' dir='ltr'><strong>ex</strong></span> <span class='ocrx_word' id='word_1_163' title='bbox 1253 2848 1347 2924; x_wconf 88' lang='lat' dir='ltr'><strong>parte</strong></span> <span class='ocrx_word' id='word_1_164' title='bbox 1363 2859 1444 2912; x_wconf 91' lang='lat' dir='ltr'><strong>nna,</strong></span> 
     </span>
     <span class='ocr_line' id='line_1_23' title="bbox 321 2937 1446 3030; baseline 0 -29"><span class='ocrx_word' id='word_1_165' title='bbox 321 2948 353 3001; x_wconf 91' lang='lat' dir='ltr'><strong>et</strong></span> <span class='ocrx_word' id='word_1_166' title='bbox 368 2937 552 3002; x_wconf 74' lang='lat' dir='ltr'><strong>iohannem</strong></span> <span class='ocrx_word' id='word_1_167' title='bbox 564 2938 605 3002; x_wconf 91' lang='lat' dir='ltr'><strong>de</strong></span> <span class='ocrx_word' id='word_1_168' title='bbox 619 2939 754 3004; x_wconf 85' lang='lat' dir='ltr'><strong>Avenna</strong></span> <span class='ocrx_word' id='word_1_169' title='bbox 770 2940 973 3030; x_wconf 79' lang='lat' dir='ltr'><strong>fratremque</strong></span> <span class='ocrx_word' id='word_1_170' title='bbox 984 2962 1080 3004; x_wconf 91' lang='lat' dir='ltr'><strong>suum</strong></span> <span class='ocrx_word' id='word_1_171' title='bbox 1093 2937 1306 3017; x_wconf 86' lang='lat' dir='ltr'><strong>Baldninum,</strong></span> <span class='ocrx_word' id='word_1_172' title='bbox 1324 2937 1446 3002; x_wconf 88' lang='lat' dir='ltr'><strong>fratres</strong></span> 
     </span>
     <span class='ocr_line' id='line_1_24' title="bbox 324 3038 1446 3130; baseline -0.001 -27"><span class='ocrx_word' id='word_1_173' title='bbox 324 3041 473 3104; x_wconf 89' lang='lat' dir='ltr'><strong>uterinos</strong></span> <span class='ocrx_word' id='word_1_174' title='bbox 496 3040 676 3120; x_wconf 88' lang='lat' dir='ltr'><strong>Gnidonis,</strong></span> <span class='ocrx_word' id='word_1_175' title='bbox 703 3054 736 3106; x_wconf 90' lang='lat' dir='ltr'><strong>et</strong></span> <span class='ocrx_word' id='word_1_176' title='bbox 754 3055 870 3130; x_wconf 90' lang='lat' dir='ltr'><strong>postea</strong></span> <span class='ocrx_word' id='word_1_177' title='bbox 886 3041 1084 3120; x_wconf 80' lang='lat' dir='ltr'><strong>lohannem,</strong></span> <span class='ocrx_word' id='word_1_178' title='bbox 1102 3040 1206 3105; x_wconf 89' lang='lat' dir='ltr'><strong>filium</strong></span> <span class='ocrx_word' id='word_1_179' title='bbox 1221 3038 1303 3104; x_wconf 88' lang='lat' dir='ltr'><strong>dicti</strong></span> <span class='ocrx_word' id='word_1_180' title='bbox 1318 3040 1446 3104; x_wconf 88' lang='lat' dir='ltr'><strong>lohan-</strong></span> 
     </span>
     <span class='ocr_line' id='line_1_25' title="bbox 324 3140 1446 3225; baseline 0 -20"><span class='ocrx_word' id='word_1_181' title='bbox 324 3141 388 3222; x_wconf 91' lang='lat' dir='ltr'><strong>nis,</strong></span> <span class='ocrx_word' id='word_1_182' title='bbox 410 3140 564 3208; x_wconf 88' lang='lat' dir='ltr'><strong>comitem</strong></span> <span class='ocrx_word' id='word_1_183' title='bbox 589 3143 743 3210; x_wconf 88' lang='lat' dir='ltr'><strong>Hanouie</strong></span> <span class='ocrx_word' id='word_1_184' title='bbox 771 3157 804 3210; x_wconf 93' lang='lat' dir='ltr'><strong>et</strong></span> <span class='ocrx_word' id='word_1_185' title='bbox 824 3142 1018 3225; x_wconf 84' lang='lat' dir='ltr'><strong>Hollandia,</strong></span> <span class='ocrx_word' id='word_1_186' title='bbox 1044 3157 1078 3208; x_wconf 92' lang='lat' dir='ltr'><strong>et</strong></span> <span class='ocrx_word' id='word_1_187' title='bbox 1097 3143 1334 3220; x_wconf 77' lang='lat' dir='ltr'><strong>wilhelmum,</strong></span> <span class='ocrx_word' id='word_1_188' title='bbox 1356 3166 1446 3206; x_wconf 91' lang='lat' dir='ltr'><strong>nnnc</strong></span> 
     </span>
     <span class='ocr_line' id='line_1_26' title="bbox 322 3243 1447 3335; baseline -0.001 -26"><span class='ocrx_word' id='word_1_189' title='bbox 322 3258 500 3335; x_wconf 89' lang='lat' dir='ltr'><strong>utrumque</strong></span> <span class='ocrx_word' id='word_1_190' title='bbox 528 3245 738 3312; x_wconf 85' lang='lat' dir='ltr'><strong>obtinentem</strong></span> <span class='ocrx_word' id='word_1_191' title='bbox 761 3247 955 3313; x_wconf 88' lang='lat' dir='ltr'><strong>comitatum</strong></span> <span class='ocrx_word' id='word_1_192' title='bbox 973 3271 1013 3312; x_wconf 88' lang='lat' dir='ltr'><strong>ex</strong></span> <span class='ocrx_word' id='word_1_193' title='bbox 1035 3246 1156 3326; x_wconf 85' lang='lat' dir='ltr'><strong>altera,</strong></span> <span class='ocrx_word' id='word_1_194' title='bbox 1174 3245 1273 3310; x_wconf 84' lang='lat' dir='ltr'><strong>linem</strong></span> <span class='ocrx_word' id='word_1_195' title='bbox 1295 3243 1447 3310; x_wconf 87' lang='lat' dir='ltr'><strong>facerent</strong></span> 
     </span>
     <span class='ocr_line' id='line_1_27' title="bbox 321 3345 1444 3439; baseline 0.001 -28"><span class='ocrx_word' id='word_1_196' title='bbox 321 3385 361 3396; x_wconf 96' lang='lat'><em>-</em></span> <span class='ocrx_word' id='word_1_197' title='bbox 384 3345 476 3412; x_wconf 86' lang='lat' dir='ltr'><strong>finite</strong></span> <span class='ocrx_word' id='word_1_198' title='bbox 495 3347 583 3412; x_wconf 91' lang='lat' dir='ltr'><strong>enim</strong></span> <span class='ocrx_word' id='word_1_199' title='bbox 605 3361 685 3413; x_wconf 92' lang='lat' dir='ltr'><strong>tunc</strong></span> <span class='ocrx_word' id='word_1_200' title='bbox 704 3350 865 3439; x_wconf 85' lang='lat' dir='ltr'><strong>temporis</strong></span> <span class='ocrx_word' id='word_1_201' title='bbox 893 3349 983 3414; x_wconf 88' lang='lat' dir='ltr'><strong>inter</strong></span> <span class='ocrx_word' id='word_1_202' title='bbox 1006 3349 1098 3437; x_wconf 88' lang='lat' dir='ltr'><strong>ipsos</strong></span> <span class='ocrx_word' id='word_1_203' title='bbox 1124 3361 1219 3413; x_wconf 89' lang='lat' dir='ltr'><strong>erant</strong></span> <span class='ocrx_word' id='word_1_204' title='bbox 1244 3359 1378 3436; x_wconf 85' lang='lat' dir='ltr'><strong>treuge,</strong></span> <span class='ocrx_word' id='word_1_205' title='bbox 1402 3347 1444 3396; x_wconf 83' lang='grc'><strong>-’-</strong></span> 
     </span>
     <span class='ocr_line' id='line_1_28' title="bbox 320 3448 1446 3540; baseline 0 -26"><span class='ocrx_word' id='word_1_206' title='bbox 320 3448 497 3540; x_wconf 89' lang='lat' dir='ltr'><strong>ipsumque</strong></span> <span class='ocrx_word' id='word_1_207' title='bbox 517 3451 736 3520; x_wconf 91' lang='lat' dir='ltr'><strong>Wilhelmum</strong></span> <span class='ocrx_word' id='word_1_208' title='bbox 758 3453 898 3518; x_wconf 90' lang='lat' dir='ltr'><strong>cumeis</strong></span> <span class='ocrx_word' id='word_1_209' title='bbox 923 3476 1039 3540; x_wconf 88' lang='lat' dir='ltr'><strong>pacem</strong></span> <span class='ocrx_word' id='word_1_210' title='bbox 1063 3449 1216 3518; x_wconf 91' lang='lat' dir='ltr'><strong>stabilem</strong></span> <span class='ocrx_word' id='word_1_211' title='bbox 1242 3474 1446 3540; x_wconf 89' lang='lat' dir='ltr'><strong>componere</strong></span> 
     </span>
     <span class='ocr_line' id='line_1_29' title="bbox 321 3552 1445 3644; baseline 0 -26"><span class='ocrx_word' id='word_1_212' title='bbox 321 3565 492 3644; x_wconf 87' lang='lat' dir='ltr'><strong>cogerent,</strong></span> <span class='ocrx_word' id='word_1_213' title='bbox 508 3565 611 3618; x_wconf 91' lang='lat' dir='ltr'><strong>totam</strong></span> <span class='ocrx_word' id='word_1_214' title='bbox 625 3565 748 3619; x_wconf 90' lang='lat' dir='ltr'><strong>terram</strong></span> <span class='ocrx_word' id='word_1_215' title='bbox 765 3579 857 3621; x_wconf 89' lang='lat' dir='ltr'><strong>snam</strong></span> <span class='ocrx_word' id='word_1_216' title='bbox 873 3553 1090 3632; x_wconf 88' lang='lat' dir='ltr'><strong>devastando,</strong></span> <span class='ocrx_word' id='word_1_217' title='bbox 1105 3554 1156 3620; x_wconf 92' lang='lat' dir='ltr'><strong>vel</strong></span> <span class='ocrx_word' id='word_1_218' title='bbox 1172 3578 1287 3620; x_wconf 86' lang='lat' dir='ltr'><strong>omues</strong></span> <span class='ocrx_word' id='word_1_219' title='bbox 1302 3554 1335 3618; x_wconf 91' lang='lat' dir='ltr'><strong>in</strong></span> <span class='ocrx_word' id='word_1_220' title='bbox 1354 3552 1445 3618; x_wconf 93' lang='lat' dir='ltr'><strong>bello</strong></span> 
     </span>
     <span class='ocr_line' id='line_1_30' title="bbox 321 3655 1445 3746; baseline 0 -27"><span class='ocrx_word' id='word_1_221' title='bbox 321 3655 535 3721; x_wconf 89' lang='lat' dir='ltr'><strong>morirentur.</strong></span> <span class='ocrx_word' id='word_1_222' title='bbox 562 3656 659 3739; x_wconf 92' lang='lat' dir='ltr'><strong>Quod</strong></span> <span class='ocrx_word' id='word_1_223' title='bbox 684 3657 886 3727; x_wconf 86' lang='lat' dir='ltr'><strong>Wilhelmus</strong></span> <span class='ocrx_word' id='word_1_224' title='bbox 907 3680 1130 3746; x_wconf 85' lang='lat' dir='ltr'><strong>pernoscens,</strong></span> <span class='ocrx_word' id='word_1_225' title='bbox 1152 3656 1201 3720; x_wconf 92' lang='lat' dir='ltr'><strong>eis</strong></span> <span class='ocrx_word' id='word_1_226' title='bbox 1226 3680 1300 3722; x_wconf 88' lang='lat' dir='ltr'><strong>cum</strong></span> <span class='ocrx_word' id='word_1_227' title='bbox 1325 3655 1445 3745; x_wconf 89' lang='lat' dir='ltr'><strong>pulcro</strong></span> 
     </span>
     <span class='ocr_line' id='line_1_31' title="bbox 320 3757 1444 3848; baseline -0.001 -26"><span class='ocrx_word' id='word_1_228' title='bbox 320 3758 455 3846; x_wconf 89' lang='lat' dir='ltr'><strong>quidem</strong></span> <span class='ocrx_word' id='word_1_229' title='bbox 474 3757 633 3824; x_wconf 86' lang='lat' dir='ltr'><strong>comitatu</strong></span> <span class='ocrx_word' id='word_1_230' title='bbox 652 3760 801 3846; x_wconf 89' lang='lat' dir='ltr'><strong>equitum</strong></span> <span class='ocrx_word' id='word_1_231' title='bbox 817 3758 975 3824; x_wconf 89' lang='lat' dir='ltr'><strong>occurrit.</strong></span> <span class='ocrx_word' id='word_1_232' title='bbox 996 3758 1062 3824; x_wconf 93' lang='lat' dir='ltr'><strong>Sed</strong></span> <span class='ocrx_word' id='word_1_233' title='bbox 1079 3758 1211 3848; x_wconf 88' lang='lat' dir='ltr'><strong>pedites</strong></span> <span class='ocrx_word' id='word_1_234' title='bbox 1228 3758 1279 3823; x_wconf 91' lang='lat' dir='ltr'><strong>sui</strong></span> <span class='ocrx_word' id='word_1_235' title='bbox 1297 3758 1444 3822; x_wconf 88' lang='lat' dir='ltr'><strong>inermes</strong></span> 
     </span>
     <span class='ocr_line' id='line_1_32' title="bbox 321 3860 1445 3952; baseline 0 -28"><span class='ocrx_word' id='word_1_236' title='bbox 321 3872 415 3924; x_wconf 90' lang='lat' dir='ltr'><strong>erant</strong></span> <span class='ocrx_word' id='word_1_237' title='bbox 442 3874 596 3949; x_wconf 91' lang='lat' dir='ltr'><strong>respectu</strong></span> <span class='ocrx_word' id='word_1_238' title='bbox 625 3860 892 3952; x_wconf 85' lang='lat' dir='ltr'><strong>Flamingorum,</strong></span> <span class='ocrx_word' id='word_1_239' title='bbox 925 3874 958 3925; x_wconf 90' lang='lat' dir='ltr'><strong>et</strong></span> <span class='ocrx_word' id='word_1_240' title='bbox 989 3861 1100 3950; x_wconf 86' lang='lat' dir='ltr'><strong>pavidi</strong></span> <span class='ocrx_word' id='word_1_241' title='bbox 1127 3861 1228 3928; x_wconf 88' lang='lat' dir='ltr'><strong>corde</strong></span> <span class='ocrx_word' id='word_1_242' title='bbox 1252 3872 1286 3925; x_wconf 89' lang='lat' dir='ltr'><strong>et</strong></span> <span class='ocrx_word' id='word_1_243' title='bbox 1304 3884 1445 3925; x_wconf 90' lang='lat' dir='ltr'><strong>numero</strong></span> 
     </span>
     <span class='ocr_line' id='line_1_33' title="bbox 322 3962 1445 4053; baseline 0.002 -27"><span class='ocrx_word' id='word_1_244' title='bbox 322 3963 516 4051; x_wconf 88' lang='lat' dir='ltr'><strong>pauciores,</strong></span> <span class='ocrx_word' id='word_1_245' title='bbox 549 3965 627 4053; x_wconf 89' lang='lat' dir='ltr'><strong>quia</strong></span> <span class='ocrx_word' id='word_1_246' title='bbox 657 3962 698 4029; x_wconf 88' lang='lat' dir='ltr'><strong>de</strong></span> <span class='ocrx_word' id='word_1_247' title='bbox 730 3962 906 4029; x_wconf 89' lang='lat' dir='ltr'><strong>Hollandia</strong></span> <span class='ocrx_word' id='word_1_248' title='bbox 943 3977 976 4029; x_wconf 92' lang='lat' dir='ltr'><strong>et</strong></span> <span class='ocrx_word' id='word_1_249' title='bbox 1007 3963 1162 4029; x_wconf 88' lang='lat' dir='ltr'><strong>Zelandia</strong></span> <span class='ocrx_word' id='word_1_250' title='bbox 1191 3963 1302 4029; x_wconf 90' lang='lat' dir='ltr'><strong>nullos</strong></span> <span class='ocrx_word' id='word_1_251' title='bbox 1334 3963 1445 4052; x_wconf 90' lang='lat' dir='ltr'><strong>potuit</strong></span> 
     </span>
    </p>
   </div>
   <div class='ocr_carea' id='block_1_7' title="bbox 320 4185 1444 4316">
    <p class='ocr_par' dir='ltr' id='par_1_8' title="bbox 320 4185 1444 4316">
     <span class='ocr_line' id='line_1_34' title="bbox 352 4185 1444 4252; baseline 0.001 -18"><span class='ocrx_word' id='word_1_252' title='bbox 352 4186 374 4234; x_wconf 90' lang='lat'><strong>1.</strong></span> <span class='ocrx_word' id='word_1_253' title='bbox 393 4185 462 4236; x_wconf 86' lang='lat' dir='ltr'><strong>C&#39;est</strong></span> <span class='ocrx_word' id='word_1_254' title='bbox 478 4186 503 4234; x_wconf 90' lang='lat' dir='ltr'><strong>la</strong></span> <span class='ocrx_word' id='word_1_255' title='bbox 515 4187 588 4248; x_wconf 71' lang='lat' dir='ltr'><strong>locon</strong></span> <span class='ocrx_word' id='word_1_256' title='bbox 603 4187 637 4234; x_wconf 90' lang='lat' dir='ltr'><strong>du</strong></span> <span class='ocrx_word' id='word_1_257' title='bbox 652 4203 698 4236; x_wconf 80' lang='lat' dir='ltr'><strong>me.</strong></span> <span class='ocrx_word' id='word_1_258' title='bbox 711 4187 743 4236; x_wconf 89' lang='lat' dir='ltr'><strong>de</strong></span> <span class='ocrx_word' id='word_1_259' title='bbox 756 4186 831 4236; x_wconf 89' lang='lat' dir='ltr'><strong>Gand</strong></span> <span class='ocrx_word' id='word_1_260' title='bbox 844 4192 869 4234; x_wconf 85' lang='lat' dir='ltr'><strong>et</strong></span> <span class='ocrx_word' id='word_1_261' title='bbox 883 4187 915 4236; x_wconf 91' lang='lat' dir='ltr'><strong>de</strong></span> <span class='ocrx_word' id='word_1_262' title='bbox 927 4187 986 4238; x_wconf 75' lang='lat' dir='ltr'><strong>t‘td.</strong></span> <span class='ocrx_word' id='word_1_263' title='bbox 1000 4187 1031 4234; x_wconf 92' lang='lat' dir='ltr'><strong>de</strong></span> <span class='ocrx_word' id='word_1_264' title='bbox 1045 4186 1213 4250; x_wconf 72' lang='lat' dir='ltr'><strong>Hambourg:</strong></span> <span class='ocrx_word' id='word_1_265' title='bbox 1227 4187 1444 4252; x_wconf 74' lang='lat' dir='ltr'><strong>roguli&#39;erement,</strong></span> 
     </span>
     <span class='ocr_line' id='line_1_35' title="bbox 320 4246 719 4316; baseline 0.005 -20"><span class='ocrx_word' id='word_1_266' title='bbox 320 4246 338 4296; x_wconf 87' lang='lat' dir='ltr'><strong>tl</strong></span> <span class='ocrx_word' id='word_1_267' title='bbox 352 4248 466 4298; x_wconf 77' lang='lat' dir='ltr'><strong>faudrait</strong></span> <span class='ocrx_word' id='word_1_268' title='bbox 479 4265 490 4296; x_wconf 83' lang='lat' dir='ltr'><strong>n</strong></span> <span class='ocrx_word' id='word_1_269' title='bbox 502 4248 687 4316; x_wconf 84' lang='lat' dir='ltr'><strong>conquirerent</strong></span> <span class='ocrx_word' id='word_1_270' title='bbox 697 4269 719 4298; x_wconf 78' lang='lat' dir='ltr'><strong>n.</strong></span> 
     </span>
    </p>
   </div>
   <div class='ocr_carea' id='block_1_8' title="bbox 0 0 1582 5190">
    <p class='ocr_par' dir='ltr' id='par_1_9' title="bbox 0 0 1582 5190">
     <span class='ocr_line' id='line_1_36' title="bbox 0 0 1582 5190; baseline 0 0"><span class='ocrx_word' id='word_1_271' title='bbox 0 0 1582 5190; x_wconf 95' lang='lat' dir='ltr'><strong> </strong></span> 
     </span>
    </p>
   </div>
  </div>
 </body>
</html>
