3178 5192
332 423 363 472 38
713 423 860 473 Anninus
879 421 1073 472 GANDENSES
1391 419 1460 468 1302

331 565 405 604 eum
429 538 678 628 pertinentibus
708 538 749 604 ad
779 564 845 634 eos!
860 539 1019 604 recedere
1048 537 1235 628 permissis.
1261 537 1375 606 Solum
1398 561 1462 626 ca-

331 655 436 706 strum
453 641 494 706 de
513 641 759 718 Tenremonda,
778 641 830 706 cui
851 640 1058 706 Godelridus
1075 639 1115 704 de
1134 640 1327 717 Brabantia,
1345 639 1461 704 hostis

332 741 587 808 Flandrensium
604 744 788 832 predictus,
807 756 882 807 ante
896 743 1020 808 bellum
1035 745 1258 808 Curtraeense
1270 742 1311 806 de
1327 743 1462 808 victua-

331 845 419 910 libus
444 859 476 910 et
493 845 573 912 viris
599 831 728 910 bellicis
747 844 938 934 providerat
959 845 1000 910 ad
1024 845 1161 936 longum
1189 858 1335 932 tempus,
1354 844 1463 912 Flan-

332 948 510 1013 drensibus
527 947 715 1014 resistebat.
734 948 832 1031 Quod
850 960 995 1012 castrum
1011 946 1376 1042 FlamingiWasenses
1398 946 1462 1010 diu

332 1047 527 1115 obsidentes
553 1063 586 1132 et
605 1063 839 1140 oppugnantes
862 1074 935 1114 cum
958 1050 1070 1114 multis
1088 1048 1261 1142 laboribus
1279 1062 1313 1112 et
1328 1071 1464 1136 expen-

333 1152 390 1230 sis,
422 1151 556 1217 tandem
580 1153 690 1218 hieme
717 1153 889 1241 sequenti¹
922 1154 1031 1242 ipsum
1067 1153 1307 1229 obtinuerunt3
1338 1151 1464 1214 suisset

333 1279 421 1319 emm
442 1280 490 1319 ers
508 1279 659 1321 nocivum
680 1279 793 1322 nimis.

377 1357 474 1422 Circa
495 1357 594 1423 finem
620 1357 779 1448 Augusti,
804 1381 860 1421 rex
885 1356 1075 1450 Philippus,
1099 1356 1286 1420 coadunato
1303 1355 1470 1448 maximo

334 1459 479 1524 exercitu
496 1461 631 1524 circiter
646 1460 764 1550 viginti
782 1459 921 1524 millium
938 1461 1101 1548 equitum,
1120 1484 1187 1523 non
1204 1471 1314 1524 tamen
1331 1458 1364 1522 in
1381 1481 1463 1546 pro-

334 1563 437 1626 bitate
458 1562 614 1658 similium
631 1561 715 1641 illis,
739 1562 847 1652 quiin
872 1564 1034 1628 Curtraco
1056 1563 1178 1626 mortui
1199 1573 1286 1641 sunt,
1308 1573 1342 1626 et
1362 1560 1463 1650 quasi

334 1663 626 1742 innumerabilium
656 1663 806 1755 peditum
822 1676 1121 1729 -convocaverat
1143 1664 1231 1728 enim
1255 1664 1323 1728 sere
1341 1686 1463 1726 omnes

335 1769 588 1832 communitates
603 1769 700 1858 regni
715 1767 778 1854 sni,
792 1792 856 1856 qne
868 1791 973 1859 prope
993 1766 1182 1832 Flandriam
1203 1775 1297 1832 erant
1318 1789 1378 1854 per
1394 1765 1463 1828 dis·

335 1871 472 1934 tantiam
496 1882 628 1936 centum
648 1869 878 1933 milliariorum
892 1909 936 1946 ·.-
948 1883 1108 1934 venturus
1124 1893 1239 1944 versus
1253 1866 1463 1943 blandriaco,

335 1984 384 2048 ut,
411 1973 439 2035 si
465 1984 592 2059 posset,
608 1996 646 2058 se
666 1970 708 2035 de
729 1972 913 2066 Flamiugis
933 1971 1132 2036 vindicaret.
1156 1972 1339 2058 Castraque
1360 1980 1465 2034 meta·

336 2087 389 2138 tus
406 2086 457 2137 est
481 2087 571 2167 extra
596 2073 757 2138 terminos
782 2074 938 2139 Flandrie
960 2077 1053 2162 juxta
1079 2087 1112 2138 et
1132 2073 1218 2138 circa
1239 2073 1349 2137 villam
1371 2095 1466 2165 canr-

336 2189 494 2263 pestrem,
513 2163 577 2265 que
592 2189 730 2240 vocatur
745 2175 941 2255 vitriacum,
960 2177 1139 2240 distantem
1156 2201 1172 2240 a
1194 2163 1308 2240 Dnaco
1328 2173 1465 2238 duobus

337 2277 501 2364 milliariis
523 2279 646 2365 parvis.
666 2277 726 2346 Cui
746 2265 932 2356 lohannes,
954 2278 1065 2344 Guido
1084 2265 1117 2342 el
1140 2277 1360 2368 Wilhelmus,
1385 2299 1464 2339 cum

337 2379 483 2460 exercitu
510 2378 647 2468 copioso
678 2380 719 2444 de
746 2393 815 2462 tota
838 2380 994 2448 Flandria
1028 2393 1211 2462 contracto,
1244 2379 1402 2444 audacter
1428 2391 1467 2442 et

337 2482 491 2546 alacriter
516 2471 713 2546 occurentes
741 2495 847 2546 castra
874 2496 1061 2570 posuerunt
1086 2483 1121 2546 in
1144 2471 1220 2560 loco
1239 2483 1381 2574 prelato,
1405 2480 1466 2568 qui

336 2577 472 2648 vocatur
497 2584 750 2676 Novus-Agger,
772 2584 919 2649 distante
938 2609 954 2651 a
972 2583 1120 2652 Vitriaeo
1137 2573 1198 2674 per
1217 2585 1284 2648 duo
1307 2582 1478 2676 milliaria

338 2710 453 2776 parva;
464 2690 708 2777 jacueruntque
727 2687 830 2778 longo
849 2699 1000 2775 tempore
1018 2688 1084 2752 duo
1101 2685 1266 2758 exercitus
1280 2685 1412 2750 maximi
1427 2686 1465 2748 in

339 2788 467 2879 magnis
490 2789 664 2878 expensis,
694 2789 824 2874 multo?
841 2790 1022 2878 majoribus
1046 2801 1186 2880 propter
1213 2787 1464 2878 multitudinem

260 2935 272 2952 a
339 2915 500 2981 equorum
521 2889 718 2956 bellicorum
750 2883 791 2956 ad
819 2915 935 2958 currus
966 2905 998 2956 et
1027 2916 1181 2957 carrucas
1204 2889 1462 2979 pertinentium.

339 2995 412 3058 Rex
429 2993 531 3083 igitur
555 2994 780 3058 Flandrenses
805 2994 962 3058 invadere
983 3019 1049 3058 non
1070 2994 1231 3071 audebat,
1249 2993 1367 3069 videns
1385 3016 1466 3056 suos

340 3096 442 3160 corde
461 3095 610 3185 pavidos,
632 3109 664 3159 et
679 3108 818 3184 propter
838 3120 972 3186 gravem
988 3110 1140 3161 eventum
1162 3096 1241 3160 belli
1261 3081 1467 3185 Curtraeen-

341 3198 398 3277 sis,
429 3199 679 3289 Flamingorum
717 3223 892 3264 occursum
927 3198 1136 3266 horribiliter
1169 3199 1464 3288 pertimescentes,

341 3300 509 3366 lohannes
530 3301 642 3379 etiam,
660 3301 770 3367 Guido
786 3301 1033 3370 etWilhelmus
1050 3326 1163 3392 regem
1180 3301 1359 3366 noluerunt
1376 3299 1467 3363 inva-

342 3404 434 3482 dere,
449 3403 513 3468 nisi
527 3396 685 3468 intrasset
698 3416 818 3468 terram
834 3405 982 3491 ipsorum
994 3455 1001 3480 ‚
1013 3405 1089 3494 quia
1101 3403 1278 3468 videbatur
1294 3403 1355 3484 eis,
1374 3403 1467 3490 quod

343 3505 422 3570 satis
437 3506 548 3596 gravia
570 3505 634 3570 sibi
659 3505 842 3570 intulerant
864 3506 1000 3584 damna3
1027 3508 1191 3571 timebant
1219 3509 1337 3584 etiam,
1360 3505 1466 3594 qnod,

343 3610 369 3672 si
386 3633 460 3674 eum
481 3608 679 3676 invasissent
700 3621 733 3672 et
753 3623 966 3697 superassent
986 3609 1036 3673 vel
1052 3608 1273 3698 effugassent,
1289 3609 1410 3674 Franci
1429 3607 1465 3671 in

343 3711 469 3801 impetu
500 3712 548 3775 ire
573 3724 701 3800 patrem
731 3733 825 3775 suum
850 3723 883 3774 et
910 3712 1028 3776 fratres
1054 3711 1270 3776 occidissent.
1299 3711 1467 3778 Miserunt

343 3813 448 3900 igitur
462 3814 502 3879 ad
524 3837 637 3903 regem
656 3812 868 3892 mediatores,
888 3837 1004 3901 pacem
1025 3837 1098 3878 cum
1119 3815 1206 3901 ipso,
1226 3814 1277 3878 vel
1297 3829 1465 3902 treugam,

375 4036 398 4082 1.
417 4035 464 4082 Fin
475 4035 614 4082 raca-comt
625 4035 694 4082 1303.

377 4099 397 4144 2.
418 4097 452 4145 Le
465 4113 513 4144 ms.
535 4095 566 4143 de
588 4095 662 4144 Gand
682 4102 707 4144 et
726 4095 784 4144 l'ed.
803 4093 834 4143 de
850 4096 1003 4159 Hambourg
1020 4102 1148 4160 portent«
1162 4097 1252 4144 multis
1266 4097 1467 4160 ›rettudiquent

345 4175 396 4206 une
413 4161 505 4208 laeuae
523 4157 588 4206 dans
608 4159 631 4206 le
644 4175 691 4206 ms.
710 4159 780 4207 Nous
798 4157 927 4232 adoptans
940 4159 966 4205 la
979 4157 1124 4205 correction
1138 4161 1266 4238 propende
1281 4175 1330 4222 par
1343 4159 1467 4224 bappen-

346 4223 394 4270 ber
415 4262 420 4278 ,
434 4237 480 4270 car
494 4221 543 4270 elle
557 4221 654 4270 tournit
667 4239 700 4270 nn
715 4237 774 4269 sens
785 4219 951 4278 admrssible;
967 4221 1033 4268 mais
1045 4235 1110 4266 nous
1124 4237 1139 4266 n
1150 4236 1181 4266 en
1195 4227 1305 4284 croyons
1319 4239 1366 4286 pus
1381 4223 1467 4270 moins

346 4239 412 4348 qu'il
420 4301 436 4349 y
451 4285 519 4334 avait
536 4299 584 4333 une
597 4287 688 4332 lunone
701 4287 716 4332 a
729 4290 769 4332 cet
780 4283 884 4332 endroit
896 4284 962 4330 dans
973 4284 997 4330 le
1011 4298 1058 4330 ms.
