3154 5190
110 442 179 494 tect
497 439 646 496 ANNAbES
665 443 859 496 Gauususus
1208 445 1237 493 st

109 561 178 639 dit,
195 563 365 651 accipiens
381 563 415 626 in
432 564 584 628 maritum
604 563 749 629 nobilem
764 563 883 642 virum,
906 565 947 628 de
964 563 1127 653 sanguine
1149 564 1237 653 regis

109 664 393 744 descendentem,
421 679 454 730 et
478 680 655 758 cognatum
683 666 838 744 Roberti,
868 667 1000 731 comitis
1026 665 1183 730 Flandrie
1205 678 1238 729 et

110 766 260 832 filiorum
286 769 370 854 ejus,
399 769 566 856 pulcrum,
601 769 717 834 fortem
754 780 787 832 et
817 769 849 832 iu
883 767 1047 832 reditibus
1081 767 1235 844 divitem,

108 869 313 948 iohannem,
327 870 495 934 dominem
509 871 551 935 de
562 871 696 949 Fienes,
710 892 808 959 quem
825 869 1000 936 dicebatur
1016 869 1109 952 prius
1126 870 1238 958 aliquo

107 984 266 1060 tempore
290 971 482 1050 adamasse;
507 985 647 1061 propter
668 973 757 1062 quod
777 974 865 1038 iuter
888 976 1073 1038 iohannem
1096 975 1251 1038 Nauium.

109 1097 248 1138 oensem
266 1087 299 1139 et
317 1073 508 1144 (luidonem
525 1088 674 1164 exparte
693 1097 770 1154 una,
791 1085 823 1140 et
846 1073 1048 1141 Ludovicum
1065 1096 1106 1140 ex
1119 1075 1233 1154 altera,

108 1176 225 1266 gravis
246 1176 412 1242 dissensio
430 1193 500 1243 orta
520 1191 583 1243 est.

160 1279 287 1344 Eodem
314 1282 412 1345 etiam
439 1303 571 1360 mense,
599 1280 733 1369 quidam
761 1300 875 1345 scurie
904 1281 937 1344 in
969 1279 1140 1358 Gandavo,
1176 1303 1237 1367 pro

110 1379 230 1469 majori
251 1396 345 1471 partu
364 1379 534 1472 juvenculi
555 1398 587 1448 et
604 1384 800 1472 juvencule,
825 1383 865 1447 ad
886 1383 1104 1448 calcationem
1125 1385 1237 1469 cujus-

108 1479 190 1548 dam
212 1509 295 1550 nove
316 1509 390 1550 aree
410 1485 443 1550 in
463 1487 605 1576 quadam
623 1507 705 1550 nova
723 1485 835 1556 domo.
858 1507 898 1551 ex
918 1485 1074 1550 condicto
1095 1485 1134 1549 ad
1156 1484 1237 1548 cho-

109 1587 309 1652 reiznndum
326 1588 461 1653 circiter
481 1589 658 1677 quingenti
677 1585 927 1666 convenientes,
943 1589 977 1653 in
998 1601 1126 1652 tantum
1142 1607 1237 1676 supe·

110 1689 185 1753 rius
198 1689 232 1753 in
249 1690 381 1755 duobus
397 1689 526 1756 solariis
548 1704 580 1756 et
591 1691 730 1756 inferius
748 1691 782 1756 in
801 1711 876 1755 area
893 1693 1123 1755 choreizantes
1138 1689 1238 1754 salta·-

108 1804 250 1871 verunt,
275 1793 382 1881 quod,
410 1793 520 1880 paries
545 1795 663 1858 domus
693 1787 857 1859 lateritius
882 1806 915 1857 et
938 1815 999 1882 per
1027 1813 1238 1880 consequens

105 1907 237 1960 tectum
252 1897 323 1983 ejus
334 1895 612 1986 discompaginati
626 1907 833 1975 corruentes,
848 1895 982 1961 circiter
994 1893 1236 1983 quinquaginta

110 2021 153 2060 ex
178 1996 227 2061 eis
254 2013 512 2088 oppresserunt,
543 2001 599 2087 qui
625 2012 658 2063 et
685 1997 796 2064 statim
828 1999 949 2063 mortui
976 2011 1070 2073 sunt,
1099 1995 1237 2084 reliquis

109 2121 243 2164 summo
270 2123 342 2166 cum
371 2121 493 2188 pavore
518 2102 735 2166 evadentibus
766 2114 924 2180 mortem,
952 2121 1094 2189 quorum
1124 2111 1236 2163 tamen

112 2215 250 2268 centum
274 2203 341 2268 lere
366 2201 530 2268 vulnerati
559 2218 637 2268 sunt
658 2203 804 2294 graviter
833 2204 884 2268 vel
909 2203 1069 2268 atrociter
1097 2200 1236 2266 interius

111 2307 343 2394 conquassati.

160 2409 230 2470 Hoc
250 2431 349 2486 anno,
370 2431 435 2474 unc
457 2408 528 2487 die,
553 2433 570 2473 a
588 2429 673 2496 papa
691 2421 724 2473 et
740 2409 966 2475 cardinalibus
985 2431 1022 2472 ac
1038 2405 1176 2496 regibus
1200 2428 1237 2468 ac

110 2505 326 2598 principibus
354 2511 465 2576 multis
486 2509 680 2575 christianis
700 2511 742 2575 ud
767 2513 830 2576 hoc
851 2509 1070 2575 subtilissime
1097 2519 1234 2580 statuto,

109 2633 230 2674 omnes
258 2611 438 2701 Templarii
460 2614 494 2677 in
517 2613 630 2701 regnis
652 2614 792 2678 Francis
816 2626 849 2676 et
872 2612 994 2701 Anglie
1017 2633 1054 2674 ac
1078 2610 1238 2696 Hispauie

111 2713 296 2800 multisque
316 2714 468 2802 partibus
484 2713 578 2778 Italie
594 2716 682 2802 capti
698 2728 776 2779 sunt
795 2726 829 2778 et
844 2713 1051 2802 prisionibus
1071 2709 1235 2800 deputati,

110 2829 282 2902 tamquam
306 2816 453 2904 suspecti
472 2816 513 2880 de
533 2818 661 2881 enormi
683 2817 781 2881 modo
802 2829 834 2881 et
855 2816 1017 2880 scelerato
1037 2813 1235 2903 profitendi,

112 2917 205 2982 etde
226 2916 378 2982 idolatria
398 2919 487 2983 etde
504 2919 584 2983 vitio
604 2920 765 2985 sodomie.

616 3199 743 3266 1308.

156 3405 257 3470 Anno
277 3405 413 3470 Domini
435 3407 703 3484 .M.CCC.VlIl.,
720 3429 833 3469 manse
854 3403 958 3483 Maio,
977 3404 1154 3482 Albertus,
1178 3425 1236 3468 rex

112 3505 328 3586 Alemannis,
359 3531 376 3572 a
402 3507 469 3572 filio
497 3508 622 3572 suroris
652 3532 709 3572 sue
738 3507 772 3571 in
800 3507 938 3596 proprio
966 3509 1064 3572 horto
1089 3506 1236 3597 pugione

112 3610 301 3688 confossus,
334 3611 496 3675 interiit¹.
527 3613 648 3676 Fuerat
676 3611 765 3675 enim
799 3634 905 3698 nepos
939 3632 1018 3673 suus
1050 3610 1083 3673 in
1115 3609 1236 3697 puerili

113 3724 203 3778 etate
223 3725 333 3800 patre,
357 3712 441 3777 duce
457 3715 609 3792 Bavarie‚
633 3727 666 3778 ct
682 3726 786 3777 matre
804 3713 959 3790 orbatus,
978 3735 1042 3799 que
1063 3735 1158 3776 soror
1175 3711 1237 3776 fuit

113 3815 205 3902 regis
223 3812 366 3893 Alberti,
384 3828 416 3879 et
436 3815 544 3880 tenuit
560 3838 633 3881 eum
652 3839 709 3880 rex
724 3839 836 3881 secum
853 3827 887 3880 ut
899 3813 1016 3892 lilium,
1034 3825 1066 3878 et
1080 3813 1235 3878 ducatum

114 3941 212 3982 suum
236 3917 313 3983 lecit
342 3918 536 4008 gubernari.
567 3918 632 4000 Qui
658 3941 731 3983 cum
754 3919 796 3983 ad
822 3941 926 3982 annos
956 3917 1170 3982 discretionis
1204 3931 1237 3981 et

115 4020 218 4084 robur
233 4019 327 4084 virile
348 4021 573 4108 pervenisset,
594 4020 635 4084 ab
654 4021 828 4100 avunculo,
851 4021 892 4084 de
911 4019 1098 4108 aliquorum
1124 4019 1236 4085 consi-

146 4296 169 4342 l.
189 4295 279 4343 Albert
291 4296 441 4344 d'Autriche
454 4296 523 4360 pc'rit
535 4296 559 4343 le
570 4297 604 4341 1·Γ
620 4295 671 4343 mai
682 4297 751 4343 1308.
