3178 5192
124 443 182 490 1302
497 443 647 490 sudatas
666 441 861 490 GANDENSES
1210 441 1240 488 23

123 559 310 625 ternitatem
337 585 410 624 cum
440 559 676 624 communitate
709 559 875 648 Brugensi
898 559 1005 623 lacere
1036 559 1172 635 vellent,
1205 559 1239 622 in

122 663 277 726 auxilium
293 663 467 750 utriusque
495 661 743 726 communitatis
769 686 874 750 prope
901 685 987 725 esse.
1012 660 1079 725 Sed
1102 660 1238 755 Liliardi

121 779 153 828 et
167 766 305 830 ditiores
317 766 357 857 de
372 768 608 830 communitate
624 767 657 830 in
673 779 801 829 tantum
817 765 983 854 vulgares,
1000 778 1035 828 ut
1052 764 1239 852 predictum

122 881 182 945 est,
204 869 268 932 sibi
288 881 502 947 attraxerant,
523 869 612 956 quod
633 893 649 932 a
669 892 748 956 rege
766 867 941 931 discedere
960 867 1150 933 noluerunt.
1171 869 1240 930 lmo

120 970 183 1058 ipsi
211 971 347 1036 Liliardi
373 995 447 1035 cum
475 971 595 1036 ballivo
613 969 702 1060 regis
722 972 837 1034 armati
857 969 966 1062 villam
985 971 1125 1060 egressi,
1151 969 1239 1033 acies

121 1098 193 1137 suas
210 1074 417 1150 ordinantes,
441 1074 481 1138 ad
501 1074 693 1138 bellandum
709 1098 744 1138 se
765 1085 976 1162 paraverunt.
1001 1075 1116 1136 Petrus
1131 1084 1248 1142 autem¹

120 1189 199 1241 tuuc
216 1201 365 1264 pugnare
382 1177 499 1240 nolens
515 1177 556 1240 de
572 1161 731 1241 Gandavo
752 1175 901 1239 recessit.
1143 1184 1145 1190 ’

163 1279 274 1343 Guido
287 1293 396 1343 autem
415 1293 448 1343 et
463 1263 664 1348 Wilhelmus
681 1278 721 1342 ad
739 1289 845 1341 terras
860 1301 935 1340 suas
956 1275 1079 1341 reversi
1097 1291 1184 1341 sunt.

161 1382 244 1444 Cum
271 1395 380 1445 autem
417 1383 535 1445 Petrus
567 1381 607 1444 de
647 1379 805 1444 Gaudavo
837 1382 964 1468 Brugas
998 1391 1236 1457 reverteretur,

119 1483 282 1568 intellexit
301 1484 390 1572 quod
408 1483 544 1549 Liliardi
564 1483 618 1571 qui
642 1482 674 1545 iu
694 1482 930 1570 Ardenburgo,
953 1482 1125 1546 audientes
1149 1481 1238 1568 quod

119 1587 314 1650 Gaudeuses
332 1586 395 1650 sibi
416 1587 606 1650 consentire
620 1586 810 1660 noluerunt,
827 1586 1099 1649 communitatem
1119 1584 1237 1672 subpe-

117 1689 280 1753 ditassent
295 1702 328 1752 et
344 1688 437 1777 signa
450 1688 552 1775 regia,
567 1687 706 1776 abjectis
719 1687 823 1777 signis
839 1687 1023 1763 Wilhclmi,
1038 1686 1235 1752 elevassent.

118 1793 223 1854 lratus
239 1791 351 1879 itaque
371 1791 477 1867 valde,
501 1815 575 1854 cum
602 1789 702 1854 sociis
722 1791 789 1853 suis
817 1789 926 1852 villam
948 1788 989 1852 de
1012 1789 1237 1878 Ardenburgo

117 1917 307 1982 aggressus,
330 1892 408 1957 licet
428 1892 568 1956 tirmiter
588 1892 759 1970 munitam,
786 1904 894 1955 tamen
921 1915 992 1954 eam
1019 1891 1181 1968 obtinuit,
1205 1906 1237 1956 et

117 1997 389 2060 communitatem
411 1996 541 2060 elevans
566 2008 600 2058 et
624 1996 718 2084 signa
752 1995 839 2084 regis
869 1992 1046 2081 dejiciens,
1074 1993 1237 2058 Liliardos

116 2099 298 2186 oppressit,
317 2097 445 2184 aliquos
461 2097 632 2160 occidens.

160 2202 244 2265 Cum
261 2213 370 2263 autem
384 2201 425 2264 de
441 2200 665 2290 Ardenburgo
685 2201 831 2263 venisset
846 2201 991 2289 Bruges,
1012 2199 1127 2263 videns
1145 2225 1236 2264 com·

117 2303 260 2366 munitas
282 2302 483 2390 Brugensis,
510 2301 599 2389 quod
625 2302 724 2365 multa
753 2325 832 2390 erga
861 2325 973 2390 regem
1001 2303 1141 2366 consilio
1175 2325 1236 2367 suo

115 2417 343 2492 perpetrasset
363 2404 465 2481 mala,
489 2417 521 2467 et
537 2404 626 2489 quod
646 2404 757 2467 villam
774 2404 1000 2480 Gaudeusem,
1019 2404 1105 2468 sicut
1121 2429 1235 2492 spera-

115 2521 225 2578 verat.
247 2532 312 2570 nou
330 2505 543 2582 obtinuisset,
562 2518 595 2570 et
611 2507 698 2592 quod
716 2505 918 2573 Willielmus
935 2506 983 2570 sic
999 2508 1040 2570 ab
1056 2506 1103 2570 cis
1125 2531 1235 2570 reces-

116 2611 226 2686 sisset,
249 2609 358 2695 ipsum
380 2611 514 2672 Petrum
533 2609 601 2673 fere
621 2607 812 2673 occidisset.
836 2611 954 2672 Petrus
973 2621 1094 2684 autem,
1120 2631 1234 2671 manus

116 2711 364 2774 communitatis
380 2733 441 2798 per
461 2710 604 2773 cautelas
624 2711 779 2787 evadens,
798 2709 840 2772 de
861 2708 935 2774 villa
955 2711 1119 2797 Brugensi
1139 2723 1171 2774 et
1193 2711 1233 2774 de

114 2813 271 2877 Flandria
293 2812 378 2902 l'ugit
403 2812 443 2874 ad
463 2827 609 2900 tempus.
632 2814 745 2875 Timor
759 2811 863 2900 igitur
881 2813 1042 2876 maximus
1056 2825 1092 2876 et
1108 2825 1234 2876 tremor

114 2915 224 2979 villam
240 2927 343 2978 totam
361 2914 493 2980 invasit.
517 2917 599 2979 Cum
622 2941 703 3005 ergo
722 2927 788 2978 tam
810 2917 952 3001 majores
973 2919 1071 3002 qu'am
1088 2917 1233 2980 minores

114 3017 295 3093 vidissent,
318 3041 353 3080 se
378 3016 411 3079 in
436 3029 528 3081 arcto
558 3031 589 3082 et
616 3018 757 3082 maximo
780 3016 929 3104 periculo
952 3019 1093 3104 positos,
1119 3031 1233 3105 utpote

114 3121 236 3183 lacobo
252 3119 293 3183 de
308 3121 468 3185 Curtraco
482 3143 596 3183 versus
612 3123 741 3208 Brugas
760 3121 940 3184 exercitum
962 3135 1126 3198 movente,
1150 3123 1232 3188 inito

115 3221 273 3299 consilio,
300 3221 341 3285 de
365 3222 532 3286 communi
554 3246 737 3299 consensu,
759 3222 888 3308 aliquos
904 3223 946 3286 de
964 3247 998 3287 se
1017 3224 1230 3305 mediatores,

113 3324 168 3410 qui
188 3325 229 3388 ad
254 3324 412 3387 Jacobom
434 3323 587 3403 tendant,
614 3324 755 3412 eligunt,
779 3323 959 3388 offerentes
983 3351 1018 3389 se
1038 3327 1123 3391 velle
1145 3340 1231 3392 stare

113 3425 154 3488 de
171 3426 239 3489 alto
260 3439 293 3489 et
309 3427 407 3489 basso
428 3425 517 3489 dicto
534 3450 593 3490 suo
614 3439 647 3490 et
667 3426 934 3490 consiliariorum
957 3429 1045 3516 regis
1066 3429 1231 3517 predicto·

113 3549 196 3605 rum,
220 3527 374 3616 diligenti
396 3541 428 3590 et
448 3530 537 3612 justa
560 3526 652 3616 prius
675 3529 756 3593 lacta
778 3529 1014 3617 inquisitione,
1041 3531 1105 3595 isto
1132 3532 1230 3594 etiam

114 3633 300 3718 supposito,
318 3630 408 3717 quod
424 3654 552 3709 omnes,
571 3630 736 3718 quierant
751 3633 784 3696 iu
800 3631 897 3710 villa,
920 3657 954 3697 se
971 3634 1004 3696 iu
1024 3634 1135 3722 aliquo
1154 3659 1230 3700 cou-

113 3745 161 3796 tra
184 3735 293 3821 ipsum
314 3746 346 3796 et
366 3755 479 3820 regem
500 3732 685 3821 culpabiles
702 3746 962 3822 cognoscentes,
988 3735 1071 3799 inl'ra
1099 3749 1230 3824 tempus

114 3847 271 3899 statutum
292 3835 332 3898 de
348 3833 424 3898 villa
442 3847 475 3898 et
490 3836 595 3922 patria
618 3836 826 3914 recederent,
846 3849 878 3899 et
903 3835 951 3901 sic
977 3837 1049 3924 ipse
1072 3840 1227 3916 lacobus,

113 3950 289 4024 postquam
315 3937 545 4011 recessissent,
572 3936 682 4001 villam
708 3939 859 4002 intraret.
888 3939 1010 4004 Habito
1038 3940 1142 4029 igitur
1171 3965 1231 4029 per

113 4039 184 4103 dies
203 4038 329 4127 aliquot
345 4064 445 4128 super
463 4039 631 4104 oblatione
653 4043 815 4128 premissa
841 4041 994 4131 diligenti
1014 4055 1173 4120 tractatu,
1196 4044 1229 4106 in

114 4166 183 4205 eam
204 4144 245 4206 ab
267 4155 405 4230 utraque
426 4155 519 4230 parte
546 4144 784 4209 concordatum
806 4159 872 4222 cst,
895 4145 957 4208 hoc
977 4146 1074 4208 etiam
1096 4147 1227 4224 addito,

114 4245 202 4332 quod
225 4247 343 4309 Petrus
368 4246 409 4309 de
430 4247 524 4311 Flota
546 4246 786 4311 mediatoribus
808 4246 979 4335 promisit,
1001 4249 1090 4335 quod
1109 4247 1181 4329 ipse
1197 4263 1230 4311 et
