3178 5192
105 415 160 465 rau
478 411 626 464 A'NNAIAES
645 411 839 464 GANDENSES
1187 413 1217 462 33

104 547 234 622 propter
250 532 494 611 crudelitatem,
513 556 611 621 quam
631 531 749 597 Franci
766 532 854 596 iuter
871 530 1013 600 Insulam
1032 544 1064 595 et
1080 533 1216 595 Curtra-

104 659 172 700 cum
186 647 422 712 exercuerant,
441 633 649 712 exacerbati,
667 627 1132 709 succumbeirtibus=Francis,
1156 655 1217 696 ucc

104 761 212 802 eorum
234 737 330 825 equis
352 777 396 788 -
421 735 502 826 quin
522 759 638 801 omnes
660 736 856 800 occiderent
883 733 1077 811 crudeliter,
1109 735 1217 802 donee

104 840 245 904 totaliter
264 840 306 903 de
325 837 462 904 victoria
483 839 592 903 securi
606 851 718 902 essent
732 875 780 886 --
792 835 856 901 noir
874 838 1073 924 parcebaut3
1090 837 1166 924 quia
1184 832 1216 900 in

104 941 245 1006 exercitu
269 940 432 1028 ipsorum,
454 953 538 1004 unte
562 939 812 1004 inchoationem
842 938 939 1014 belli,
969 936 1092 1003 suiten
1124 933 1218 1027 parte

104 1041 289 1131 principum
308 1065 441 1108 suorum
468 1054 663 1130 preceptum
685 1055 719 1106 et
738 1037 1001 1131 proclamatum,
1030 1041 1120 1129 quod
1143 1041 1218 1129 qui·

104 1168 241 1234 cumque
256 1143 289 1208 in
309 1144 397 1210 bello
409 1143 535 1232 aliquid
549 1143 732 1232 pretiosum
750 1155 882 1230 raperet
895 1143 945 1208 vel
958 1141 1103 1231 aliquem
1118 1165 1219 1230 quan·

103 1259 302 1335 tumcuaque
325 1246 471 1312 nobilem
492 1245 692 1334 captivaret,
715 1243 826 1309 statim
857 1244 963 1310 asnis
991 1239 1215 1310 occideretur.

103 1347 232 1414 Corruit
247 1371 329 1440 ergo
350 1347 385 1413 in
409 1347 499 1414 dicto
522 1348 630 1437 prelio
653 1347 775 1414 nobilis
796 1343 829 1411 et'
845 1347 1044 1413 victoriosus
1060 1347 1219 1435 princeps

103 1451 279 1526 liebertus,
301 1475 414 1516 comes
429 1449 678 1528 Atrebatensis,
700 1473 775 1514 eum
800 1450 924 1515 Jacubu
950 1449 1032 1537 sepe
1048 1449 1220 1538 pretromi-

105 1564 195 1633 neto,
217 1554 319 1618 fratre
344 1577 404 1618 suo
430 1551 583 1631 uterino,
609 1551 667 1641 qui
693 1551 803 1616 omnia
824 1552 888 1616 bec
902 1547 942 1615 ·e't
963 1549 1221 1641 sequeutia'pro

104 1678 217 1746 magna
239 1669 333 1744 parte
354 1656 563 1720 brassaverat
586 1654 686 1733 mala3
705 1653 923 1732 Godelridus,
942 1651 1221 1742 patruuslluhun·

106 1758 152 1820 uis
180 1757 276 1822 ducis
306 1758 498 1835 Brebantie,
523 1781 597 1822 cum
624 1757 693 1820 lilio
718 1781 778 1822 suo
801 1756 987 1845 unigenito,
1017 1755 1153 1820 domino
1180 1757 1221 1822 de

104 1859 269 1940 Versona,
284 1861 354 1949 qui,
369 1860 397 1924 si
418 1883 491 1924 cum
507 1858 646 1925 Francis
662 1857 811 1933 vicisset,
832 1871 869 1922 ut
884 1857 1044 1935 creditur,
1066 1874 1222 1947 nepotem

103 1985 206 2040 suum,
233 1961 311 2052 quia
334 1987 374 2026 ex
389 1976 484 2050 perte
510 1960 625 2026 matris
653 1961 715 2025 luit
736 1960 779 2024 de
799 1959 962 2050 sanguine
982 1960 1153 2039 Flendus,
1177 1957 1220 2026 de

103 2075 187 2130 terra
205 2089 266 2130 sua
277 2065 459 2153 expulisset
474 2065 524 2128 vel
536 2062 729 2142 occidisset,
752 2063 925 2150 ipsamque
944 2062 1101 2128 obtinens
1114 2087 1132 2127 o
1143 2087 1222 2154 rege

103 2166 282 2246 tenuisset;
311 2170 469 2241 loannes,
497 2165 607 2230 dictus
635 2165 864 2230 Sine-Pietate
883 2177 1023 2252 propter
1047 2165 1223 2232 crudelita-

101 2279 178 2350 tem,
200 2269 448 2358 primogenitus
478 2266 610 2332 comitis
630 2266 798 2345 Hunonie3
829 2268 948 2331 Petrus
972 2264 1144 2344 detFlota,
1164 2269 1224 2331 'vir

103 2529 177 2577 fessis
190 2533 216 2578 et
231 2529 323 2587 lassis,
336 2529 362 2577 in
376 2528 463 2594 puteis
476 2533 502 2576 et
510 2527 625 2589 fossatis,
636 2543 686 2592 que
699 2527 814 2591 plurima
827 2533 903 2574 erent
914 2527 941 2574 in
954 2543 1048 2591 cumpo
1059 2527 1115 2584 illo,
1132 2527 1225 2576 reden·

101 2591 170 2640 tibus
182 2599 209 2640 et
219 2599 310 2640 mutuo
324 2609 351 2640 se
361 2591 589 2666 oppressentibus,
604 2605 721 2638 sessores
733 2607 792 2638 oum
807 2590 844 2637 eis
858 2590 979 2638 suffocati
992 2596 1060 2638 sunt
1077 2591 1225 2639 ilocetiam

100 2655 250 2727 periculoso
264 2655 408 2702 infortunio
420 2655 511 2717 plures
523 2654 604 2702 etiem
615 2653 642 2700 in
655 2654 783 2701 Curtraco
794 2651 891 2699 mortui
902 2658 964 2699 sunt
977 2667 1056 2715 quum
1069 2653 1163 2710 occisi:
1176 2654 1226 2700 hcc

101 2717 168 2766 idem
181 2718 265 2765 etism
282 2717 438 2780 periculum,
457 2717 519 2764 licet
539 2731 590 2763 non
610 2715 646 2764 itu
668 2731 757 2778 greve,
775 2714 981 2762 Flendrensibus
994 2715 1037 2762 bic
1054 2715 1078 2779 (d
1094 2717 1225 2764 Mons-en-

101 2779 202 2842 Pevele)
214 2795 261 2827 eos
273 2779 482 2842 insequentibus,
495 2779 582 2826 evenit
595 2795 616 2825 u.
632 2805 664 2814 -
678 2777 750 2842 Jucq.
769 2779 857 2840 Meyer
869 2777 915 2840 qui
928 2777 1020 2826 eorivit
1030 2778 1226 2828 consciencien-

102 2849 202 2890 sement
212 2842 342 2890 l'bistoire
352 2842 384 2888 de
398 2858 427 2888 sa
435 2842 526 2950 patrie
536 2841 640 2904 d'spres
654 2840 699 2887 des
712 2855 819 2886 sources
832 2840 987 2898 demandes,
1001 2839 1068 2887 mais
1081 2855 1112 2887 en
1124 2841 1226 2903 grande

101 2905 186 2966 partie
205 2905 320 2968 perduco
340 2903 434 2967 uujour
454 2905 516 2961 'bui,
536 2903 622 2950 donne
646 2917 679 2948 un
700 2902 764 2949 recit
783 2902 827 2965 qui
847 2901 965 2964 s'edspte
986 2903 1134 2965 tg'ulement
1150 2903 1226 2950 dfnne

102 2965 216 3015 muniere
231 2972 347 3015 exactet
362 2967 428 3014 celui
441 2967 473 3014 de
485 2967 511 3013 la
525 2965 669 3028 Chronique
683 2964 825 3011 crumenae
839 2980 845 3010 :
859 2981 871 3011 u
884 2964 1012 3028 (Flendri)
1029 2965 1158 3012 duxerunt
1175 2981 1226 3028 qna

101 3029 133 3076 ad
145 3045 191 3077 eos
211 3029 328 3077 bostium
343 3029 451 3093 patebat
468 3028 556 3075 aditus
568 3029 685 3075 occultes
701 3028 814 3074 fossatus
828 3032 870 3073 sut
882 3027 950 3074 ultas
964 3041 993 3073 sc
1005 3033 1134 3091 petentes,
1148 3027 1227 3075 viridi

101 3091 199 3155 cespite
212 3108 244 3139 ac
257 3091 341 3139 multu
356 3091 448 3138 fronde
464 3096 597 3138 contectos
612 3090 655 3138 :id
668 3089 738 3152 quud
748 3104 845 3152 magno
858 3104 906 3136 suo
920 3090 1035 3136 lecerunt
1045 3090 1142 3138 bono...
1157 3091 1226 3138 Deus

102 3154 169 3201 enim
181 3154 356 3202 Flendrorum
369 3153 502 3209 misertus,
516 3169 599 3216 perro
613 3153 707 3215 spatio,
721 3150 860 3198 victorium
872 3151 925 3198 illis
938 3151 1068 3224 insignem
1083 3153 1226 3209 concessit,

102 3217 308 3279 superbiamque
327 3216 474 3264 nobilitatis
491 3215 650 3278 gravissime
666 3213 817 3261 humiliavit
831 3213 882 3277 (On
896 3219 954 3262 sent
971 3213 1004 3260 icr
1017 3214 1164 3262 l'influence
1180 3216 1227 3274 des

101 3279 214 3326 Annales
232 3279 398 3339 Gandeuses).
413 3279 478 3326 Pars
492 3285 580 3326 temen
592 3283 743 3324 nostrorum
756 3291 817 3323 euru
830 3277 906 3338 signs
917 3283 1049 3333 canerent,
1062 3282 1135 3324 tauto
1152 3293 1165 3324 e
1185 3277 1228 3324 ui-

102 3346 156 3388 tam
170 3357 290 3399 numero,
310 3348 416 3405 tamque
431 3339 545 3388 terribili
567 3347 593 3388 et
611 3340 713 3386 insueto
729 3339 854 3385 tuburum
872 3338 959 3385 sonitu
977 3337 1112 3402 perterriti
1133 3293 1227 3402 pedem

101 3405 198 3454 referre
211 3410 367 3468 coeperunt,
385 3401 516 3451 deserturi
533 3417 642 3465 prorsus
656 3401 745 3463 signe,
762 3400 814 3447 nisi
833 3399 1038 3448 fortissimorum
1051 3401 1146 3449 ducum
1164 3402 1228 3449 dili·

101 3467 189 3529 gentis
214 3465 352 3514 confestim
378 3465 489 3514 luissent
506 3463 616 3526 reducti,
634 3464 757 3526 utqueub
778 3462 970 3536 llpprensibus,
991 3463 1060 3511 ercis
1080 3464 1227 3514 custodium

102 3529 261 3583 tenentibus.
274 3529 299 3576 vi
313 3527 423 3591 repulsi,
456 3527 529 3576 aucis
541 3525 635 3574 occisis
646 3533 671 3574 et
681 3526 826 3574 submersis
836 3525 864 3572 in
877 3526 946 3574 Lisa.
959 3529 991 3572 At
1003 3525 1064 3573 iecit
1078 3527 1132 3574 brec
1147 3543 1189 3575 res
1199 3532 1230 3574 ut

100 3591 237 3639 ardentius
256 3591 535 3653 inconsyderutrusque
561 3589 654 3638 Gallus
678 3587 869 3650 insequeretur.
890 3589 955 3636 Nam
980 3588 1126 3650 peditatum
1151 3605 1227 3637 suum

120 3653 223 3702 rmlium
246 3653 436 3716 praeludentem
451 3657 558 3715 repente
577 3656 774 3705 revocaverunt,
797 3649 930 3713 densoque
946 3649 1051 3712 agmine
1076 3651 1226 3700 furibundis

101 3669 172 3764 baud
198 3715 352 3770 dissimiles,
374 3717 401 3762 in
423 3720 527 3762 nostros
551 3713 680 3767 feruntur,
697 3727 809 3775 moxque
832 3712 860 3758 in
885 3715 970 3760 tusses
994 3713 1039 3759 olii
1061 3729 1141 3776 super
1160 3713 1228 3761 elios

102 3776 201 3826 incauti
221 3784 361 3834 corruunt,
382 3783 409 3825 et
427 3777 650 3838 suometipsorum
668 3776 783 3823 tumultu
804 3775 937 3837 insignem
956 3775 1058 3822 cladem
1084 3777 1228 3839 accipiunt.

102 3840 167 3888 Nam
184 3839 340 3888 incredibile
355 3845 464 3888 nerrutu
478 3845 519 3886 est
534 3844 633 3900 quanto
650 3837 744 3886 robore
761 3843 913 3900 quantaque
931 3837 1027 3884 ferocis
1044 3838 1228 3886 colluctantem

104 3918 192 3951 secum
202 3904 230 3950 in
240 3901 318 3950 iussis
331 3901 433 3949 hostem
443 3901 526 3949 nostri
540 3916 600 3948 exce
621 3900 697 3956 erint,
711 3899 814 3947 mulleis
829 3898 920 3947 terreis
951 3899 1114 3962 lumbeisque
1128 3909 1229 3948 murts-

105 3965 198 4013 rerint.
214 3982 227 4012 u
242 3963 368 4020 Annales,
389 3964 429 4012 ed.
443 3963 582 4026 originale,
602 3916 630 4008 b
644 3963 673 4008 93
691 3971 714 4008 r⁰
727 3968 752 4010 et
764 3972 799 4010 ν’.
814 3987 846 3998 -
859 3962 905 4008 Les
921 3916 1112 4024 cbroniqucurs
1124 3963 1228 4026 anglais

103 4027 326 4091 contemporuins,
338 4031 500 4074 exactement
511 4025 661 4088 renseignes
675 4040 721 4072 sur
731 4026 769 4072 les
782 4029 948 4072 erenements
961 4025 992 4071 de
1003 4023 1139 4072 Flsndrea'r
1151 4041 1230 4073 arouse

104 4089 148 4137 des
163 4093 298 4152 trequents
312 4096 436 4154 rapports
446 4097 519 4136 entre
531 4088 570 4135 les
583 4087 650 4134 deux
666 4103 742 4150 pays,
753 4087 841 4134 disent
850 4087 998 4149 &galement
1010 4103 1015 4133 :
1031 4103 1043 4132 a
1055 4085 1229 4134 Flaudronses

105 4159 196 4200 contra
209 4167 299 4214 regem
312 4151 430 4209 Francis,
445 4167 505 4199 cum
518 4149 707 4214 omnipotentis
723 4150 778 4206 Dei,
792 4149 958 4200 mirabiliter.
972 4149 1035 4211 quin
1047 4149 1136 4212 potius
1150 4150 1229 4197 mira·

103 4215 194 4263 culoso
218 4229 267 4278 per
288 4215 434 4262 industrias
457 4219 484 4262 et
501 4211 707 4260 machinationes
731 4213 821 4260 varin
838 4218 864 4259 et
883 4211 1025 4268 inauditos,
1051 4212 1172 4260 comitem
1198 4212 1231 4260 de

103 4279 232 4340 rtrtoys...
246 4277 372 4325 vicerunt.
388 4293 400 4322 a
413 4277 451 4323 W.
464 4275 619 4337 Risbunger,
635 4276 710 4321 Geato
721 4274 849 4322 Edwarda'
860 4277 879 4332 1,
893 4291 919 4337 p.
930 4275 985 4321 itu.

172 4367 378 4407 runca-unsarana.
388 4389 413 4398 ·-
424 4367 512 4406 Annales
521 4365 642 4407 (lundenses.
1165 4365 1177 4404 3
