3154 5190
109 456 172 506 1304
490 457 640 508 iuuenes
658 459 853 510 cannenses
1200 460 1229 510 er
1260 529 1262 532 Ι

108 575 160 654 vel
179 575 398 654 admiraldus,
423 615 465 628 ·-
490 577 524 641 in
550 574 751 664 adjutorium
776 575 947 645 Wilhelmi
978 575 1039 640 filii
1054 574 1228 655 lobannis

109 675 243 742 comitis
277 678 454 744 Hollandie
490 691 523 744 et
552 679 702 744 Hanonie
737 691 771 744 et
804 677 1096 757 Hollandensium,
1136 691 1230 766 patre

110 777 217 867 ipsius
239 780 411 847 Wilhelmi
435 793 628 870 egrotante,
652 780 773 846 missus
795 794 827 846 et
848 779 1034 874 conductus
1058 803 1132 847 cum
1158 793 1231 845 toto

110 905 169 946 suo
186 883 345 947 comitatu
362 906 377 946 a
393 907 472 973 rege
485 895 601 948 contra
621 882 810 948 Gnidonem
828 885 1103 960 Namurcensem,
1120 882 1230 948 villam

110 984 150 1047 de
172 983 321 1049 Ziericze
344 986 556 1051 obsidentem
583 997 617 1050 et
641 998 906 1075 oppugnantem.
936 987 1003 1050 Iste
1027 983 1231 1050 admiraldus

111 1085 214 1151 multa
230 1085 324 1152 sortia
339 1088 422 1152 faeta
439 1088 561 1153 fecerat
585 1113 660 1152 oum
681 1086 872 1170 Frederico,
899 1111 979 1177 rege
1007 1086 1134 1166 Sicilie,
1162 1086 1231 1152 filio

110 1187 337 1279 illegitissimo
366 1189 469 1268 Petri,
502 1190 670 1278 quondam
701 1189 791 1280 rogis
820 1188 1026 1280 Arragonie,
1061 1204 1093 1255 et
1119 1189 1231 1282 gravia

111 1290 270 1356 intulerat
292 1316 365 1357 oum
382 1294 551 1381 ipso,1per
564 1315 656 1366 suam
672 1290 883 1370 industriam,
907 1293 1040 1371 dam'ua,
1060 1305 1130 1358 arte
1149 1317 1230 1358 nau·

109 1392 185 1470 tica,
204 1394 341 1468 Karolo,
362 1395 430 1459 tilio
447 1393 572 1472 Karoli,
593 1393 761 1483 quondam
783 1393 872 1485 regis
892 1392 1020 1472 Sicilie,
1039 1407 1072 1459 et
1090 1395 1231 1460 ecclesie

113 1497 274 1562 Romane.
300 1495 502 1565 Wilhelmus
528 1497 632 1587 igitur
655 1497 745 1562 vices
767 1519 889 1586 gerens
909 1521 969 1586 pro
995 1510 1089 1586 patre
1114 1521 1174 1562 suo
1197 1498 1231 1562 in

112 1597 301 1680 Hollandia,
323 1625 398 1664 cum
423 1599 608 1665 admiraldo
629 1611 662 1664 et
682 1597 782 1664 sociis
806 1599 926 1664 suiset
946 1599 987 1665 de
1006 1598 1181 1665 Hollandia
1199 1614 1232 1666 et

111 1701 262 1767 Hanonia
293 1702 511 1794 congregavit
535 1702 676 1768 classem
705 1725 860 1791 magnam
890 1714 923 1768 et
952 1701 1134 1768 exercitum
1162 1727 1231 1768 rna·

110 1827 226 1892 gnum,
249 1817 284 1870 ut
305 1818 471 1871 amoveret
490 1803 683 1875 Guidonern
704 1828 763 1892 per
785 1829 874 1868 mare
900 1805 940 1868 ab
959 1804 1138 1870 obsidione
1157 1803 1230 1870 Zie-

113 1905 210 1984 ricze,
231 1906 308 1972 ville
324 1931 395 1973 sue.

155 2005 253 2070 Circa
278 2003 366 2072 idem
388 2019 534 2095 tempus,
557 2003 768 2094 stipendiarii
794 2003 883 2096 regis
905 2005 948 2070 de
973 2005 1230 2072 Sancto-Audo-

112 2131 199 2173 maro
215 2107 357 2199 egressi,
375 2109 551 2198 quamdam
568 2108 707 2198 aquam¹
725 2106 944 2187 transierunt,
965 2131 1030 2196 que
1047 2108 1230 2176 secundum

114 2207 234 2276 iluxnm
256 2223 290 2276 ct
312 2209 472 2277 refluxum
496 2209 596 2276 maris
614 2210 761 2277 elevatur
786 2223 819 2274 et
839 2209 1037 2288 demittitur,
1057 2223 1089 2275 et
1114 2209 1232 2276 dividit

114 2324 233 2380 terram
258 2313 499 2380 Flandrensem
524 2327 557 2378 et
581 2313 851 2380 Attrebatensem
877 2337 991 2378 versus
1018 2314 1229 2404 Burgborch.

114 2417 242 2498 Quibus
266 2417 559 2508 Burgburgenses,
587 2439 651 2492 uon
674 2428 791 2482 vocato
818 2415 1013 2496 Wilhelmo,
1040 2415 1098 2504 qui
1118 2430 1230 2482 tamen

116 2543 178 2583 non
203 2519 319 2584 aberat
334 2517 398 2584 nisi
424 2543 484 2608 per
507 2517 574 2584 duo
595 2516 729 2583 circiter
748 2517 914 2596 milliaria,
943 2542 1017 2584 cum
1043 2517 1230 2584 comitativa

115 2619 191 2686 satis
208 2645 327 2712 magna
338 2623 488 2711 equitum
499 2635 533 2686 et
545 2621 709 2709 pediturn,
721 2619 853 2685 incaute
869 2634 1098 2700 occurrentes,
1116 2646 1231 2686 omnes

116 2723 260 2810 pedites,
277 2726 319 2789 ab
341 2722 489 2812 eis,··qui
510 2723 631 2788 multos
655 2722 785 2812 equites
810 2724 996 2802 habebant,
1019 2722 1229 2803 circumdati,

116 2825 179 2891 lere
196 2851 312 2892 omnes
328 2850 435 2915 usque
451 2826 492 2890 ad
508 2825 596 2890 mille
612 2825 700 2890 viros
716 2839 796 2891 sunt
810 2826 924 2891 occisi.
943 2828 1012 2890 Hoc
1029 2826 1231 2896 Wilhelmus

116 2929 320 3020 intelligens,
346 2930 460 2994 hostes
483 2940 535 2993 est
558 2929 748 3006 insecutus,
774 2928 832 2993 sed
862 2952 918 2994 eos
943 2929 1231 3017 comprehendere

118 3055 180 3096 non
210 3033 325 3112 valuit,
362 3031 439 3120 quia
477 3056 551 3096 cum
577 3055 695 3121 magna
722 3029 934 3096 festinatione
963 3030 1084 3096 dictam
1112 3055 1230 3120 aquam

118 3135 311 3200 revertendo
326 3134 540 3212 transierant,
564 3131 686 3199 lluxum
704 3131 803 3199 maris
827 3157 892 3197 nou
916 3133 1077 3198 audentes
1099 3146 1230 3222 presto-

118 3234 174 3302 lari
193 3262 199 3301 :
217 3251 379 3302 venerant
397 3235 576 3301 enimcum
596 3259 662 3299 uno
675 3233 802 3300 relluxu
819 3248 851 3300 et
869 3258 943 3300 cum
959 3237 1111 3324 proximo
1125 3235 1230 3300 redie-

119 3351 201 3404 runt.
233 3340 512 3430 Burgburgenses
537 3350 661 3416 autem,
687 3337 715 3402 si
748 3337 780 3402 in
804 3337 881 3402 villa
906 3362 963 3402 sua
990 3339 1076 3403 bene
1104 3337 1230 3402 munita

120 3442 365 3522 remansissent,
396 3441 446 3506 vel
469 3439 688 3508 Wilhelmum
713 3438 793 3504 satis
816 3439 1014 3529 tempestive
1040 3439 1074 3506 in
1100 3441 1231 3529 adjuto·

120 3542 197 3609 rium
211 3545 442 3622 advocassent,
462 3542 545 3607 nihil
567 3542 643 3606 mali
664 3542 806 3607 fuissent
820 3542 942 3630 pessit

146 3752 168 3860 ἶ..
186 3754 205 3801 11
219 3753 297 3817 s’egit
308 3752 339 3800 de
351 3753 415 3810 l’na,
432 3752 515 3814 quise
527 3749 590 3813 jette
605 3750 671 3798 dens
683 3751 709 3798 la
727 3766 782 3799 met·
794 3750 829 3798 du
842 3750 912 3800 Nord
925 3753 941 3798 b
956 3751 982 3799 la
995 3751 1107 3800 hauteur
1119 3752 1151 3800 de
1164 3753 1228 3802 Gra·

120 3827 148 3860 ve
159 3830 220 3867 ines.

148 3877 169 3924 2.
186 3879 233 3927 Ces
247 3879 307 3926 faits
320 3877 442 3930 d'armes,
456 3875 492 3924 du
504 3874 577 3924 lundi
593 3875 622 3922 13
631 3874 718 3938 juillet
730 3875 800 3929 1304.
816 3881 875 3922 sont
889 3878 1030 3938 rapportee
1044 3891 1093 3949 par
1105 3877 1132 3924 la
1148 3875 1229 3925 Claro·

120 3935 191 4001 nique
202 3939 344 3989 arterienne
356 3940 388 3987 de
402 3941 429 3987 la
447 3938 563 3986 muniere
576 3937 696 3986 euivante
710 3953 715 3985 :
730 3954 742 3984 «
757 3938 788 3985 Et
800 3937 886 3986 chelui
900 3936 962 3999 jour
974 3954 1024 4002 que
1038 3939 1056 3984 lv
1076 3955 1124 4002 pne
1145 3941 1231 3987 iurent

121 4004 245 4065 waegniet
256 4011 282 4052 et
294 4003 415 4067 reperdu‚
432 4001 505 4049 avint
519 4016 568 4063 que
587 3999 606 4047 li
618 3999 683 4047 eires
700 4000 731 4048 de
744 3999 845 4054 Fienes,
858 3999 989 4062 capitaine
1006 4000 1037 4047 de
1052 4001 1229 4059 Saint-Omer,

120 4065 219 4113 meeiree
230 4066 334 4115 Oudars
347 4065 379 4112 de
391 4061 708 4124 Maubuiseon,oapitaine
717 4061 749 4110 de
761 4061 859 4119 Calais,
869 4061 977 4110 mesinae
988 4062 1096 4111 Reniere
1107 4064 1153 4112 des
1165 4064 1212 4112 Gri
1221 4092 1231 4100 -

120 4137 197 4184 mans,
209 4129 326 4176 emireus
338 4127 370 4176 de
383 4128 407 4175 le
421 4143 485 4182 mer,
501 4125 609 4172 issirent
620 4130 645 4172 et
658 4141 686 4172 ee
699 4124 794 4172 mirent
811 4141 840 4172 as
853 4141 944 4187 cumps
957 4130 983 4172 et
994 4130 1079 4172 tontes
1094 4127 1152 4174 leur
1165 4142 1230 4189 gens

122 4200 184 4245 pour
194 4190 366 4239 cbevaucbier
384 4197 409 4238 et
420 4194 572 4236 trouverent
588 4188 627 4234 les
643 4187 744 4235 anemis
759 4193 832 4234 entre
847 4186 1020 4249 Gravelignes
1031 4199 1056 4236 et
1070 4188 1229 4244 Bourbourt,

121 4253 144 4292 et
153 4253 252 4302 avaient
263 4253 310 4316 iij.
324 4251 446 4302 boteilles
458 4257 483 4298 et
495 4250 514 4298 li
525 4250 647 4299 Flamenc
659 4265 690 4298 en
703 4249 808 4297 avaient
824 4257 924 4312 ,111J.,et
935 4249 962 4298 le
975 4252 1061 4298 iurent
1073 4250 1092 4298 li
1107 4251 1230 4300 Flamenc

122 4307 275 4364 desconfitet
289 4331 320 4364 en
331 4332 348 4378 y
361 4321 405 4362 eut
416 4313 476 4362 bien
489 4319 558 4360 mort
571 4311 642 4376 .xvj⁰.
655 4317 681 4361 et
696 4312 766 4375 plue,
780 4318 806 4360 et
818 4311 878 4360 bien
892 4328 941 4360 ,ιι
956 4313 1012 4376 pris
1025 4320 1083 4360 tous
1099 4329 1131 4360 en
1141 4313 1190 4371 vie,
1204 4319 1230 4362 et
