3154 5190
324 451 356 498 as
392 415 394 420 ’
702 451 852 501 auratus
869 453 1065 502 canorusns
1389 453 1452 500 reu

325 592 389 655 qua
403 567 496 655 prius
512 592 529 632 a
546 591 625 658 rege
640 569 829 647 tenebatur,
848 593 1000 636 reversus
1013 583 1075 634 est.
1092 572 1165 636 Rex
1184 583 1295 638 autem
1311 583 1452 658 treugas

326 694 386 760 per
400 683 512 759 partes
530 670 668 735 duarum
684 671 733 736 vel
748 671 850 736 trium
866 673 1125 759 septimanarum
1141 673 1239 762 petiit
1252 671 1452 760 prolongari
1555 683 1556 700 ¹

327 797 432 860 esque
454 772 496 835 ad
516 772 721 838 nativitatem
747 773 1096 862 lobannis-Baptiste,
1124 775 1285 865 adquam
1311 775 1453 864 prolon-

326 875 493 963 gationem
524 875 747 940 Flandrenses
778 876 954 942 voluntarii
985 891 1092 956 erant,
1125 901 1240 966 pacem
1273 901 1346 942 cum
1374 877 1454 966 ipso
1555 921 1556 926 κ

327 977 501 1065 cupientes
514 979 637 1042 habere
658 979 747 1042 etde
763 979 842 1043 dolo
858 1003 926 1044 non
941 979 1141 1069 cogitantes.

332 1121 336 1126 =
371 1079 490 1144 Finitis
510 1081 648 1169 treugis,
674 1081 760 1145 circa
780 1080 879 1146 finem
900 1083 989 1147 lunii
1005 1096 1038 1146 et
1055 1083 1257 1170 principium
1277 1081 1369 1159 lolii,
1395 1103 1455 1144 rex

327 1181 361 1245 in
377 1180 716 1271 omnibusprovisns,
734 1195 835 1270 prout
850 1184 968 1250 melius
984 1184 1105 1272 potuit,
1123 1184 1207 1248 infra
1229 1183 1313 1248 duos
1329 1207 1452 1261 annos,

327 1283 448 1372 quibus
463 1297 552 1348 terre
567 1283 725 1350 Flandrie
745 1309 867 1350 nocere
883 1299 1026 1374 poterat,
1047 1307 1122 1352 cum
1142 1288 1284 1352 maximo
1299 1285 1453 1350 exercitu

327 1385 368 1450 de
381 1399 525 1474 utroque
540 1409 646 1476 regno
663 1411 735 1466 suo,
755 1401 788 1452 et
805 1387 900 1476 quasi
919 1388 1104 1454 innumeris
1122 1387 1294 1454 bellicosis
1311 1387 1393 1452 viris
1411 1386 1454 1450 de

328 1486 440 1551 multis
465 1487 577 1578 regnis
603 1499 637 1552 et
663 1490 846 1577 provinciis
872 1503 939 1559 tam
966 1490 1137 1579 equitibus
1160 1513 1257 1578 quarn
1280 1489 1454 1578 peditibus

327 1589 515 1667 conductis,
535 1615 651 1656 versus
675 1592 866 1656 Flandriam
894 1593 997 1657 venit.
1029 1593 1128 1674 Quod
1153 1606 1189 1658 ut
1212 1617 1273 1681 per
1295 1592 1454 1679 explora·

325 1706 417 1756 tores
440 1691 597 1781 Philippo
627 1693 695 1758 lilio
731 1694 863 1760 comitis
897 1695 1056 1772 innotuit,
1080 1695 1246 1760 contraxit
1275 1693 1453 1783 copiosum

326 1795 508 1860 exercitum
538 1795 580 1859 de
613 1796 690 1860 villa
721 1809 755 1860 et
789 1797 970 1861 territorio·
993 1797 1175 1887 Brugensi,
1213 1795 1386 1861 Gandensi
1420 1806 1455 1858 et

326 1896 469 1985 Yprensi
491 1897 579 1985 apud
598 1899 807 1974 Curtracum,
832 1899 983 1964 lohaune
1009 1899 1227 1964 Namurcensi
1247 1923 1321 1962 cum
1349 1898 1454 1963 fratre

328 2023 387 2063 suo
400 2000 563 2074 yGuidone
579 1999 614 2065 in
630 2000 785 2065 Zelaudia
801 2003 977 2080 existente,
999 2015 1031 2066 et
1046 2002 1228 2069 Willrelmo
1247 2000 1280 2065 iu
1297 2000 1454 2066 occiden-

213 2103 215 2108 ’
327 2101 386 2167 tali
407 2101 582 2180 Flandrie,
605 2127 666 2191 pro
687 2103 884 2168 defensione
903 2118 992 2168 terre
1012 2118 1128 2169 contra
1150 2103 1326 2168 solidarios
1343 2102 1453 2192 regis,

327 2216 533 2282 remanente,
567 2219 600 2270 et
638 2203 783 2270 Heurieo
819 2217 957 2270 tenente
997 2209 1164 2283 Duacum,
1205 2205 1275 2270 filio
1317 2203 1454 2270 comitis

323 2305 470 2391 juniore.
490 2307 588 2370 Facta
605 2319 656 2370 est
670 2317 778 2370 autem
798 2306 953 2394 aliqualis
968 2307 1137 2372 dissensio
1154 2307 1241 2372 inter
1257 2309 1454 2396 Brugenses

327 2419 360 2471 et
390 2407 587 2472 Gandenses
616 2408 654 2471 in'
684 2408 830 2473 exercitu
865 2409 1062 2474 Flandrensi
1095 2408 1137 2475 de.
1166 2408 1381 2499 precedendo
1417 2408 1452 2472 in

327 2521 417 2573 motu
433 2511 598 2574 exercitus
612 2523 645 2574 et
658 2509 692 2574 in
704 2511 805 2586 bello,
824 2512 914 2599 quod
926 2514 1107 2600 sperabant
1123 2515 1247 2578 habere
1259 2536 1334 2576 cum
1352 2534 1451 2598 regc;

327 2611 423 2675 ambo
441 2611 529 2676 enim
541 2611 722 2700 precedere
737 2613 905 2678 volebant.
925 2616 997 2696 Que
1011 2614 1192 2692 dissensio,
1210 2613 1290 2678 licet
1305 2615 1338 2676 in
1357 2613 1451 2676 brevi

327 2713 524 2802 aPhilippo
556 2714 656 2780 luerit
683 2716 810 2796 sedata,
847 2718 1030 2782 exercitum
1055 2730 1166 2782 tamen
1195 2715 1380 2805 impedivit,
1410 2739 1453 2778 ne

328 2817 408 2881 satis
426 2817 624 2904 tempestive
642 2832 719 2905 post
742 2817 866 2882 exitum
888 2833 1081 2909 treugarum
1104 2819 1144 2883 ad
1169 2818 1334 2882 terminos
1361 2830 1453 2882 terre

328 2918 486 2983 Flandrie
502 2943 617 2984 versus
634 2921 845 2985 Attrebatum
865 2922 1071 3006 perveniret:
1094 2920 1183 2986 uude
1203 2920 1337 2996 accidit,
1359 2918 1453 3007 quod

327 3022 494 3086 exercitus
513 3021 621 3110 regis,
644 3045 741 3108 quem
768 3023 976 3110 premiserat,
1010 3048 1071 3110 per
1094 3022 1308 3088 traditionem
1339 3025 1452 3108 cujus·

328 3123 404 3186 dam
421 3123 535 3188 militis
547 3123 588 3188 de
605 3124 774 3201 Flandrie,
788 3126 844 3212 qui
861 3125 1030 3190 custodire
1047 3125 1164 3192 habuit
1177 3124 1312 3190 strictos
1327 3123 1453 3189 transi·

328 3238 394 3301 tus,
420 3249 480 3312 per
494 3225 647 3312 paludes,
670 3250 734 3314 que
756 3227 946 3292 Flandriam
969 3250 985 3290 a
1004 3239 1092 3291 terra
1117 3225 1345 3291 Attrebatensi
1371 3225 1452 3290 divi·

329 3327 412 3392 dunt
435 3340 468 3392 et
496 3342 655 3392 vocantur
680 3331 844 3418 passagia,
871 3328 1042 3407 transiret,
1074 3330 1269 3417 clademque
1299 3352 1451 3416 magnam

330 3429 410 3493 satis
431 3429 465 3494 in
492 3429 568 3494 villa
591 3431 788 3519 campestri,
814 3455 878 3520 que
898 3445 1033 3496 vocatur
1055 3431 1336 3508 Pons-Wendini,
1363 3431 1453 3494 virn-

329 3555 414 3608 rum,
452 3531 646 3610 mulierum,
669 3531 844 3598 infantium
868 3547 899 3598 et
932 3533 1030 3598 etiam
1063 3536 1244 3600 bestiarum
1269 3533 1454 3598 crudeliter

329 3646 513 3698 exerceret.
535 3635 632 3717 Quod
652 3636 772 3700 lactum
795 3635 845 3700 vir
867 3648 1023 3701 strenuus
1042 3637 1220 3724 Philippus
1236 3660 1295 3724 per
1316 3636 1452 3702 nuntios

330 3760 552 3827 cognoscens,
575 3736 633 3826 qui
653 3762 669 3800 a
689 3738 840 3827 predicta
861 3737 936 3802 villa
957 3739 1020 3803 nisi
1043 3763 1103 3826 per
1122 3739 1205 3802 duas
1230 3738 1280 3802 vel
1306 3761 1367 3827 per
1383 3751 1452 3802 tres

329 3840 440 3903 leucas
460 3837 619 3917 distabat,
636 3842 704 3927 jam
724 3840 766 3904 de
783 3842 942 3905 Curtraco
961 3865 1034 3905 cum
1054 3840 1224 3928 equitibus
1238 3841 1307 3905 suis
1329 3853 1450 3917 motus,

333 3940 463 4029 reliquo
479 3940 626 4005 exercitu
644 3941 843 4006 Flandrensi
859 3941 967 4031 ipsum
984 3955 1156 4032 sequente,
1180 3944 1293 4008 hostes
1307 3941 1419 4032 coegit
1435 3966 1450 4006 a

331 4043 425 4108 clade
453 4066 583 4107 cessare
606 4047 657 4108 sul
684 4043 818 4123 timore,
854 4069 929 4109 cum
963 4070 1081 4135 magua
1117 4045 1330 4109 festlnatione
1369 4045 1453 4131 ipsis

331 4145 606 4233 appropinquans
627 4159 661 4209 et
684 4147 895 4235 transfugere
915 4147 1001 4212 ultra
1022 4149 1211 4237 passagium
1230 4146 1449 4235 compellens.

333 4249 447 4312 Castra
477 4260 618 4312 metatus
640 4262 691 4312 est
712 4250 803 4336 juxta
824 4249 934 4314 villam
962 4250 1163 4349 predictam,
1188 4249 1270 4313 ultra
1296 4248 1451 4340 paludem
