3154 5190
336 460 365 506 70
715 457 863 508 ANNALES
881 457 1075 507 GANuuNsus
1392 457 1453 504 1304

335 572 370 637 in
391 571 544 654 sinistro,
566 575 752 662 Ypreuses,
775 573 983 653 lnsulenses,
1002 575 1240 639 Curtracenses
1262 595 1336 637 cunr
1356 571 1454 636 terri·

335 675 430 740 toriis
447 674 515 740 suis
533 675 567 741 in
584 676 711 757 medi03
734 677 912 767 Philippus
932 690 1042 743 autem
1065 677 1190 766 prefuit
1208 676 1452 767 Brugensibus,

336 779 504 844 lohannes
529 779 785 859 Gandensibus,
813 779 1015 848 Wilhelmus
1037 780 1263 868 Yprensibus,
1290 779 1455 844 Robertus

336 880 579 947 Insulensibus.
612 884 718 973 Igitur
755 907 829 947 cum
857 881 977 948 Franci
1002 881 1167 947 vidissent
1196 907 1231 946 se
1262 881 1302 946 ad
1331 879 1455 967 bellum

336 983 522 1071 provocari,
540 984 691 1051 lecerunt
707 998 740 1050 et
755 985 820 1074 ipsi
836 986 940 1050 aciem
952 1009 1037 1074 eque
1055 985 1189 1076 longam
1204 984 1354 1073 equitum
1373 979 1457 1047 aciei

336 1086 604 1168 Flandrensium,
637 1088 697 1152 sed
727 1110 794 1152 nou
833 1088 988 1176 spissam.
1025 1089 1330 1175 Conveneruntque
1359 1086 1458 1150 ambo

337 1188 502 1254 exercitus
520 1215 588 1254 non
608 1189 747 1255 multum
770 1202 897 1256 remote
920 1213 937 1254 a
960 1190 1079 1255 castris
1100 1189 1205 1279 regis,
1233 1189 1321 1254 circa
1341 1189 1458 1253 horam

337 1304 475 1371 sextam,
501 1306 534 1357 et
563 1317 637 1358 cum
661 1293 825 1358 balistarii
846 1317 886 1358 ex
911 1306 1052 1382 utraque
1072 1307 1167 1383 parte
1195 1315 1290 1358 suum
1312 1291 1458 1358 officium

337 1395 537 1484 inciperent,
573 1395 675 1484 aliqui
708 1396 933 1462 Flandrenses
963 1397 1004 1460 ad
1038 1397 1101 1461 hoc
1124 1395 1282 1473 ordinati,
1310 1391 1459 1459 dimissis

336 1497 491 1563 omnibus
511 1497 637 1588 aurigis
659 1523 732 1563 cum
755 1500 849 1587 equis
874 1511 907 1563 et
927 1500 1075 1588 equabus
1100 1498 1311 1564 trahentibus
1326 1520 1457 1572 currus,

337 1600 377 1665 de
394 1599 476 1689 ipsis
494 1601 647 1666 curribus
664 1625 681 1666 a
700 1614 797 1691 tergo
814 1601 897 1668 aciei
914 1625 972 1666 sue
994 1601 1088 1690 quasi
1107 1601 1283 1689 quamdam
1300 1601 1460 1664 munitio·

336 1727 411 1767 nem
426 1728 527 1768 unum
543 1704 639 1768 alteri
655 1704 886 1770 connectendo
902 1717 1176 1794 composuerunt,
1192 1729 1210 1768 a
1227 1703 1379 1792 quolibet
1396 1725 1460 1766 una

337 1817 407 1870 rota
433 1806 553 1886 ablata,
583 1831 624 1871 ne
647 1807 783 1885 Franci,
814 1806 841 1872 si
865 1831 924 1872 eos
947 1806 1132 1872 voluissent
1159 1805 1459 1894 circumequitare,

337 1909 429 1996 ipsos
453 1922 592 1997 possent
621 1934 637 1974 a
667 1921 764 2000 tergo
789 1909 959 1975 invadere.
994 1911 1145 1998 Cumque
1175 1907 1337 1974 balistarii
1365 1931 1461 1973 suum

338 2010 597 2098 complevissent
624 2009 786 2088 officium,
810 2023 842 2074 et
866 2011 955 2076 acies
971 2013 1175 2076 Francorum
1196 2007 1362 2098 equestris
1386 2033 1463 2074 cum

338 2112 481 2201 quodam
498 2113 653 2177 simulato
668 2111 796 2201 impetu
809 2137 924 2178 versus
941 2112 1177 2189 Flandrenses,
1196 2113 1264 2178 suis
1280 2111 1463 2177 balistariis

338 2214 496 2279 recedere
519 2214 634 2304 jussis,
671 2215 812 2295 veniret,
846 2214 1008 2281 balistarii
1036 2215 1232 2280 Gaudenses
1260 2227 1293 2280 et
1312 2213 1463 2279 omnium

338 2316 477 2382 aliorum
500 2331 614 2406 preter
633 2319 839 2408 Brugenses,
860 2318 978 2382 cordas
1006 2317 1203 2383 balistarum
1227 2341 1361 2382 suarum
1382 2315 1464 2380 inci-

338 2419 468 2495 dentes,
481 2420 569 2507 ipsas
582 2419 730 2500 balistas,
742 2434 858 2485 contra
870 2420 970 2484 tibias
982 2443 1143 2508 equorum
1156 2443 1240 2508 quos
1250 2420 1370 2485 Franci
1383 2419 1464 2484 insi-

340 2523 476 2599 debant,
493 2525 722 2610 projecerunt,
741 2547 776 2586 se
793 2523 826 2586 in
844 2547 901 2587 sua
918 2523 989 2586 acie
1005 2535 1257 2610 componentes.
1273 2521 1466 2610 Appropin·

340 2623 519 2712 quantibus
544 2635 654 2688 autem
676 2625 814 2689 Francis
836 2664 880 2674 —
900 2624 1164 2690 Flandrensibus
1187 2623 1406 2688 immobiliter
1431 2634 1467 2686 et
1559 2607 1560 2620 ἵ

339 2726 472 2790 sortiter
489 2727 526 2790 in
548 2749 606 2800 sua
625 2725 695 2790 acie
716 2726 904 2805 stantibus,
926 2740 958 2791 et
977 2726 1120 2806 bellum,
1141 2725 1227 2790 sicut
1246 2725 1281 2790 in
1303 2726 1465 2791 Curtraoo

340 2842 512 2908 evenerat,
534 2852 708 2894 commune
726 2841 759 2893 et
777 2829 858 2894 utile
877 2829 1001 2894 habere
1023 2828 1240 2894 credentibus
1257 2865 1316 2907 -,
1337 2829 1370 2892 in
1388 2840 1465 2891 tan-

340 2944 423 3009 tum,
440 2930 530 3019 quod
545 2930 665 2996 Franci
682 2955 755 2996 cum
776 2930 882 2995 hastis
899 2931 968 2996 suis
989 2933 1100 2997 hastas
1121 2929 1377 2996 Flandronsium
1392 2943 1466 2994 tan·

341 3055 420 3122 gere
437 3045 595 3122 possent,
619 3033 773 3098 retractis
792 3032 887 3121 equis
907 3033 976 3097 suis
997 3057 1069 3098 cum
1091 3033 1205 3112 srenis,
1230 3032 1326 3121 quasi
1344 3033 1466 3101 immo-

342 3136 427 3200 biles
460 3147 586 3199 stantes
614 3149 861 3212 remanserunt,
888 3160 954 3201 una
981 3135 1052 3200 acie
1079 3136 1216 3200 alteram
1244 3135 1463 3224 respiciente,

342 3259 407 3299 non
425 3236 513 3301 enim
529 3237 698 3302 audebant
714 3237 856 3317 viribus,
876 3238 934 3304 sed
954 3251 1041 3317 arte,
1059 3237 1147 3302 siout
1165 3236 1229 3302 sibi
1249 3249 1362 3302 mutuo
1382 3261 1466 3302 con·

302 3404 305 3410 ,
343 3338 507 3416 dixerant,
524 3338 672 3428 preliari,
688 3341 844 3405 timentes
862 3339 942 3405 belli
954 3340 1350 3406 eventumCurtracensis
1361 3339 1384 3406 ¹.
1395 3339 1465 3403 Hoc

375 3575 398 3622 l.
416 3577 451 3624 Le
463 3575 529 3622 racit
540 3576 572 3622 de
589 3577 616 3623 la
634 3575 743 3624 bataille
764 3577 795 3623 de
813 3576 1119 3624 Mons-en-Peveledans
1137 3577 1175 3624 les
1189 3575 1306 3636 Annales,
1318 3575 1467 3623 Gundenses

344 3638 400 3684 doit
414 3642 468 3685 etra
479 3638 608 3700 complete
619 3655 670 3747 par
683 3639 750 3686 celui
759 3639 791 3686 de
803 3639 829 3685 la
840 3637 984 3702 chronique
996 3639 1139 3686 artesienne
1153 3656 1159 3686 :

377 3717 389 3746 a
404 3700 431 3748 si
444 3700 548 3747 cria-on
567 3717 616 3748 ava
646 3700 707 3750 l'ost
725 3718 775 3766 que
794 3702 924 3748 chascuns
945 3701 1068 3749 s'nrmast
1086 3707 1112 3749 et
1129 3717 1179 3764 que
1196 3701 1324 3748 chascuns
1340 3707 1398 3748 eust
1415 3715 1467 3746 une

345 3763 459 3825 blanque
480 3763 598 3826 eslrerpe,
617 3777 677 3810 seur
696 3769 766 3811 estre
787 3769 862 3810 tenus
876 3779 977 3811 commo
995 3763 1106 3820 anemis,
1125 3770 1150 3810 et
1162 3764 1254 3811 ala-on
1266 3763 1408 3810 au-devant
1420 3762 1466 3808 des

345 3826 475 3880 Flamma,
485 3825 525 3871 vir
538 3825 579 3873 s’il
593 3841 619 3872 se
635 3827 788 3873 vaurroient
801 3825 874 3874 venir
886 3825 1028 3880 cumbam.
1039 3827 1093 3874 ensi
1107 3826 1234 3872 commeil
1245 3825 1427 3872 monstroient.
1439 3823 1467 3876 Si

347 3888 419 3935 su-un
432 3894 503 3936 toute
514 3887 575 3950 jour
585 3890 656 3934 arme
668 3903 713 3936 ens
725 3905 741 3935 u
754 3903 841 3951 camp.
855 3889 886 3936 m
899 3895 981 3964 quant
993 3889 1040 3936 che
1053 3890 1109 3936 viat
1121 3889 1144 3936 le
1157 3888 1222 3944 nuit,
1237 3888 1345 3936 mesires
1356 3886 1466 3936 Charles

346 3950 472 3997 demoura
485 3965 553 4013 pour
566 3951 630 3998 taire
641 3950 666 3997 la
677 3950 740 4013 gait,
755 3957 780 3998 et
792 3951 815 3998 le
828 3949 923 4006 mardi,
937 3968 970 3998 nu
978 3951 1054 4025 point
1065 3952 1100 3998 du
1115 3951 1184 4014 jour.
1198 3951 1217 3998 li
1230 3951 1353 3998 Flamenc
1366 3950 1467 4014 priaent

345 4013 403 4060 leur
414 4017 497 4059 tentes
510 4018 536 4059 et
548 4013 586 4060 les
596 4011 748 4060 coukierent
758 4019 845 4061 toules
855 4013 899 4076 jus
912 4021 938 4061 et
949 4013 1099 4062 laissierent
1110 4021 1169 4061 tuus
1181 4015 1237 4062 leur
1249 4014 1347 4062 barnas
1358 4019 1384 4060 et
1395 4018 1468 4059 toute

346 4075 404 4121 leur
420 4073 524 4130 vitalle,
543 4080 568 4121 et
582 4075 755 4124 monstroient
770 4077 876 4123 saulaut
892 4076 955 4140 qu'il
972 4075 1005 4122 n’i
1024 4082 1175 4124 cantassent
1186 4077 1271 4132 niens,
1289 4082 1315 4124 et
1326 4076 1431 4122 vinrent
1443 4080 1468 4122 et

347 4143 485 4202 passerent
499 4144 574 4184 outre
591 4153 625 4185 un
646 4137 775 4185 mareskel
792 4137 836 4202 qui
854 4137 932 4186 estoit
946 4146 1018 4186 entre
1033 4139 1091 4186 leur
1103 4144 1186 4185 tentas
1199 4146 1224 4185 et
1236 4139 1466 4192 Mons-en·Pevre,

348 4199 369 4246 si
387 4215 413 4248 se
430 4200 590 4247 hourderent
609 4199 640 4246 de
656 4200 727 4248 leurs
744 4215 803 4247 cars
822 4207 848 4247 et
866 4199 889 4248 si
908 4215 934 4248 se
947 4202 1043 4248 miront
1057 4215 1087 4247 en
1107 4200 1196 4248 conroi
1210 4205 1303 4248 entour
1322 4201 1345 4247 le
1365 4199 1416 4247 vile
1436 4198 1467 4245 de

346 4261 576 4319 Mons-en-Pevre,
592 4267 618 4310 et
633 4261 788 4310 adusserant
799 4263 870 4311 leurs
887 4277 946 4310 cars
960 4269 984 4309 et
996 4264 1034 4310 les
1048 4262 1123 4310 haias
1138 4262 1170 4309 de
1189 4263 1213 4309 le
1230 4261 1291 4322 vlle,
1309 4279 1341 4310 ne
1357 4278 1389 4309 ne
1409 4260 1466 4310 oui·

347 4324 436 4372 dolent
452 4325 503 4373 mie
517 4325 573 4374 c'on
591 4326 648 4374 leur
659 4332 737 4391 peust
750 4325 825 4374 venir
837 4341 888 4393 par
901 4323 1017 4373 darriere
1031 4339 1099 4392 pour
1112 4325 1136 4373 la
1154 4327 1240 4374 mares
1255 4331 1280 4375 et
1293 4325 1317 4375 la
1336 4323 1465 4374 hourdich
