3154 5190
311 439 357 488 102
692 439 842 487 annates
859 439 1055 488 GANDENSES
1375 441 1436 488 1310

312 556 419 623 modis
453 557 577 620 habere
616 554 784 632 volebant,
816 568 983 642 tamquam
1005 554 1141 644 propria
1169 569 1201 620 et
1232 557 1432 622 hereditaria

311 660 409 736 buna,
440 672 570 747 peteret
603 683 664 722 nec
691 657 886 746 impeteret,
928 671 962 722 et
994 682 1111 722 omnes
1140 658 1266 724 amicos
1303 659 1434 724 comitis

311 761 449 826 Ruberti
469 761 510 826 de
525 774 614 825 terra
634 760 790 825 Zelandie
811 773 844 824 et
869 759 1033 839 Hanunie,
1054 760 1104 825 vel
1130 761 1273 826 heredes
1300 786 1433 840 eorum,

311 865 368 952 qui
386 877 524 952 propter
544 863 699 928 comitem
718 862 875 928 Flaudrie
896 863 938 927 de
962 864 1062 928 terris
1083 864 1151 928 suis
1172 863 1302 952 expulsi
1323 878 1434 942 erant,

309 966 360 1032 vel
376 967 473 1030 bonis
490 965 623 1054 privati,
641 966 682 1029 ad
703 964 840 1053 propria
859 979 891 1029 et
915 978 1055 1053 paterna
1081 966 1168 1030 bona
1195 965 1387 1031 restitueret
1402 980 1436 1030 et

310 1091 427 1157 pacem
450 1068 603 1134 stabilem
629 1079 854 1145 conservaret,
886 1091 1016 1156 ponens
1049 1066 1264 1156 fidejussores
1288 1069 1436 1134 omnium

310 1171 537 1259 predictorum
553 1170 700 1258 prefatos
720 1168 933 1246 mediatores,
952 1193 1027 1234 oum
1042 1169 1152 1236 tribus
1163 1169 1237 1234 aliis
1251 1170 1437 1235 baronibus

310 1271 469 1338 divitibus
498 1286 532 1336 et
567 1271 737 1338 nobilibus
768 1273 936 1350 Hauonie,
964 1272 1021 1336 tali
1048 1272 1260 1350 conditione,
1292 1274 1381 1360 quod
1409 1275 1437 1338 si

313 1399 466 1462 umquam
487 1375 617 1440 veniret
640 1373 725 1463 ipse,
757 1374 807 1438 vel
827 1375 925 1441 beres
954 1399 1046 1458 suus,
1072 1388 1188 1442 contra
1208 1375 1342 1464 aliquod
1358 1400 1438 1462 pre-

313 1471 502 1555 missorum,
515 1475 626 1542 omnia
639 1477 738 1554 bona,
752 1499 938 1565 omnesque
952 1476 1106 1542 redditus
1118 1477 1203 1542 bene
1215 1475 1438 1543 ascendentes

314 1580 474 1666 usquead
494 1578 637 1643 valorem
662 1581 774 1645 XXV.
797 1578 899 1644 millia
916 1578 1077 1644 librarum
1098 1580 1184 1643 bone
1205 1593 1348 1654 monete,
1371 1605 1437 1668 que

311 1681 361 1746 vel
382 1705 465 1770 quos
486 1681 597 1746 dictus
619 1683 801 1760 Johanues,
824 1703 937 1746 comes
957 1682 1206 1760 Namurceusis,
1228 1681 1331 1746 etalii
1354 1706 1437 1771 qua·

310 1797 387 1859 tuor
406 1783 620 1872 fidejussores
636 1783 670 1848 in
686 1797 774 1847 terra
792 1783 992 1848 Flaudrensi
1016 1784 1218 1858 habuerunt,
1243 1783 1438 1849 amitterent

314 1885 377 1973 ipsi
395 1899 429 1950 et
444 1886 587 1952 heredes
612 1909 739 1963 eorum,
762 1898 795 1950 et
814 1885 926 1950 statim
946 1886 987 1950 ad
1007 1909 1043 1949 ea
1066 1909 1177 1950 comes
1195 1885 1362 1964 Flaudrie,
1381 1886 1435 1950 vel

312 1989 409 2053 heres
425 2013 522 2066 suus,
544 2011 679 2065 manus,
702 2000 740 2051 ut
757 1987 799 2051 ad
819 1987 955 2076 propria
975 1988 1074 2066 buna,
1095 2011 1264 2075 apponere
1285 1990 1436 2076 possett.

315 2091 437 2178 Sioque
454 2091 620 2157 exercitus
639 2089 869 2168 Flaudrensis,
891 2101 928 2156 ut
943 2090 1085 2178 populus
1106 2091 1198 2177 pacis
1213 2089 1318 2178 etqui
1334 2089 1440 2154 invite

315 2193 484 2280 guerrat2,
512 2192 576 2258 uisi
597 2193 797 2258 necessitate
831 2204 1020 2280 urgeretur,
1050 2216 1124 2257 uum
1147 2192 1289 2258 maximo
1316 2191 1441 2282 gaudio

316 2294 357 2360 ad
377 2294 511 2382 propria
529 2292 699 2362 remeavit.

317 2588 328 2616 a
342 2576 367 2616 et
379 2577 462 2632 puter,
477 2569 610 2618 Guillelmi
624 2587 688 2617 avus
705 2587 726 2618 u.
746 2571 782 2618 La
800 2571 945 2618 correction
959 2571 1102 2628 ci-dessus‚
1119 2574 1248 2635 proposse
1265 2587 1314 2634 pur
1326 2572 1359 2618 Μ.
1375 2571 1442 2634 Lap-

316 2634 443 2696 penberg,
461 2639 501 2680 est
514 2633 701 2680 satisfaisante.
879 2637 881 2640 ’

346 2695 369 2743 1.
388 2696 422 2742 Le
445 2695 622 2760 chroniqueur
641 2713 672 2744 ne
695 2701 820 2760 rapporte
841 2712 889 2758 pus
909 2695 947 2742 les
969 2695 1029 2742 faits
1054 2695 1130 2744 d'une
1148 2695 1263 2744 muniere
1282 2701 1380 2746 exacte.
1405 2696 1442 2743 Le

317 2763 401 2804 comte
418 2758 449 2804 de
463 2757 716 2806 Huinaut·Hollande
729 2766 755 2806 et
765 2758 788 2804 le
801 2765 885 2805 comte
903 2758 935 2804 de
953 2758 1066 2805 Flaudre
1086 2757 1233 2805 rtsolnreut
1250 2758 1281 2805 de
1301 2757 1399 2805 confier
1414 2757 1442 2804 la

317 2821 431 2870 solution
441 2820 473 2866 de
483 2819 540 2868 leur
553 2821 704 2868 differenda
719 2838 752 2867 uu
763 2821 907 2883 arbitrage.
919 2821 967 2868 Les
984 2820 1097 2868 arbitros
1114 2823 1200 2870 forent
1213 2821 1278 2868 Jeau
1289 2821 1320 2868 de
1331 2821 1440 2876 Namur,

317 2883 413 2930 Robert
425 2882 457 2929 de
475 2881 566 2930 Cussel
585 2891 610 2930 et
622 2884 687 2930 Jean
702 2884 733 2930 de
755 2883 881 2938 Hainaut,
896 2883 1019 2946 seigneur
1037 2883 1069 2929 de
1084 2884 1237 2930 Beaumont.
1253 2882 1302 2930 Les
1316 2882 1441 2938 arbitres,

317 2961 366 3006 pur
379 2945 446 2992 deux
460 2946 520 2992 voix
532 2951 620 2992 contre
640 2962 690 2994 une
706 2970 738 2982 -—
754 2945 819 2992 celle
837 2945 868 2992 de
884 2945 948 2992 Jeun
965 2945 996 2992 de
1014 2945 1160 2993 Beuumout
1176 2971 1216 3002 -,
1237 2945 1371 2992 rendirent
1391 2961 1442 2992 une

317 3007 433 3056 decision
446 3007 531 3070 quise
545 3024 594 3071 rap
615 3007 693 3056 roche
707 3007 751 3055 des
770 3006 979 3072 conditioneque
1000 3008 1024 3054 le
1040 3007 1216 3072 chroniqueur
1230 3007 1332 3070 impose
1350 3007 1442 3056 ri-des·

318 3085 362 3116 sus
380 3085 414 3116 au
430 3073 514 3116 comte
534 3070 565 3117 de
588 3025 709 3117 tiatnaut.
732 3070 765 3116 Le
779 3069 913 3117 troisi'eme
931 3069 1029 3117 arbitro
1046 3071 1134 3116 refusa
1153 3069 1291 3116 d'adherer
1310 3071 1365 3116 ata
1380 3087 1441 3116 sen-

317 3138 399 3188 tence,
413 3139 447 3189 et,
468 3132 499 3180 de
516 3137 608 3189 meme,
627 3132 784 3187 Guillaume.
805 3139 889 3180 comte
905 3132 935 3180 de
949 3131 1076 3180 Hollande
1092 3133 1163 3180 etde
1180 3131 1302 3180 Haiuaut.
1316 3133 1402 3188 Alere,
1415 3133 1442 3180 le

318 3200 401 3241 comte
412 3194 443 3240 de
457 3194 569 3241 Flundre
583 3194 668 3241 mitta
682 3194 750 3241 main
763 3210 808 3241 sur
825 3197 862 3242 les
879 3195 953 3242 biens
967 3211 1016 3258 que
1029 3194 1094 3242 Jean
1106 3195 1137 3241 de
1147 3195 1247 3242 Numur
1261 3195 1397 3257 possedait
1408 3211 1441 3241 en

318 3256 437 3312 Flandre,
449 3263 475 3302 et
484 3273 530 3304 sur
539 3273 603 3304 ceux
611 3257 642 3304 de
658 3257 758 3305 Gerard
769 3257 800 3304 de
811 3257 944 3320 Sottegem
954 3263 980 3304 et
992 3257 1022 3304 de
1040 3273 1087 3303 son
1100 3257 1152 3314 fils,
1165 3273 1207 3304 ces
1220 3256 1292 3304 *trois
1304 3257 1442 3320 seigneurs

319 3319 413 3366 s'etant
425 3323 513 3381 porte's
547 3325 637 3366 arants
655 3319 686 3366 de
701 3318 853 3368 l’exocution
865 3320 896 3367 de
910 3322 936 3366 la
950 3325 1071 3366 sentence
1084 3319 1210 3369 arbitrale
1227 3335 1276 3382 por
1292 3321 1331 3367 les
1341 3319 1442 3383 parties

318 3380 482 3454 interessees.
503 3337 545 3428 Gi
559 3383 595 3430 Ls
612 3379 695 3440 (ἴω,
709 3382 818 3430 Histoire
830 3383 862 3428 de
878 3381 999 3439 Flaudre,
1015 3388 1032 3429 t.
1046 3383 1079 3438 11,
1094 3398 1121 3444 p.
1133 3384 1186 3439 333,
1201 3382 1246 3444 qui
1257 3380 1307 3429 cite
1319 3382 1357 3428 les
1369 3388 1442 3430 actes

320 3457 468 3505 orrgmuux.

350 3505 373 3554 2.
392 3506 426 3552 Le
439 3522 487 3552 ms.
502 3506 533 3552 de
546 3505 620 3555 Gand
637 3513 661 3554 et
673 3507 732 3556 l'ed.
745 3508 776 3554 de
789 3506 944 3567 Humbourg
953 3512 1059 3568 portent
1073 3523 1084 3552 u
1098 3513 1225 3568 guerrent
1236 3523 1258 3554 u.
1318 3523 1320 3526 ·
