3154 5190
104 441 172 490 1303
491 439 640 488 ANNALES
658 437 853 488 cannaNscs
1202 437 1232 484 55

104 557 223 622 diante
238 569 351 634 vento,
370 555 402 620 in
420 553 550 622 tantum
571 555 822 632 convaluerunt,
846 553 935 642 quod
951 577 1083 618 ornnem
1104 553 1227 629 locum,

105 661 141 724 iu
168 683 234 748 qao
258 660 424 726 exercitus
446 661 612 748 jacuerat,
641 648 1106 746 occuparuntt'Stipendiarii
1128 655 1231 744 igitur

107 763 215 852 regis,
232 763 289 850 qui
306 775 401 826 erant
422 763 454 826 in
477 765 642 840 Toruaco,
665 785 725 849 pre
747 760 917 824 nimietate
939 757 1019 824 fumi
1036 757 1231 846 dispositio-

106 889 187 930 nem
202 863 349 930 hostium
370 863 617 943 recedentium,
641 862 699 951 qui
722 862 840 927 fortem
863 860 1048 926 custodiam
1074 873 1107 925 et
1126 859 1231 926 aciem

105 968 261 1056 equitum
276 979 366 1032 retro
382 990 417 1030 sc
433 966 652 1055 reliquerant,
663 965 862 1030 discernere
878 987 945 1028 non
962 963 1122 1042 valentes,
1139 963 1233 1052 ipsos

105 1069 240 1159 egressi
257 1069 298 1133 de
323 1068 455 1133 civitate
473 1069 651 1133 credentes
670 1091 686 1130 a
707 1081 802 1155 tergo
824 1067 981 1131 invadere
1001 1081 1034 1132 et
1048 1065 1230 1145 trucidare,

106 1173 141 1235 in
167 1171 271 1236 aciem
294 1171 444 1238 relictam
468 1171 676 1248 inciderunt,
698 1194 716 1234 a
735 1193 798 1257 qua
819 1169 860 1234 de
878 1170 926 1236 eis
943 1170 1078 1234 circiter
1095 1169 1231 1236 ducenti

106 1287 188 1338 sunt
217 1273 333 1352 occisi,
356 1273 492 1363 plurimi
515 1273 693 1351 vulnerati,
722 1271 842 1360 reliqui
865 1271 897 1336 in
923 1271 1091 1338 civitatem
1116 1271 1231 1361 lugere

106 1375 254 1440 coacti¹.

151 1481 233 1544 Post
259 1501 427 1544 recessum
462 1477 720 1545 Flandrcnsium
752 1475 792 1542 de
827 1479 988 1555 'l'ornaco‚
1013 1478 1101 1542 circa
1130 1479 1230 1546 finem

106 1581 280 1660 Octobris,
304 1582 395 1646 venit
416 1579 527 1646 Guido
547 1579 659 1644 senior
673 1580 716 1644 de
734 1578 873 1646 Francia
889 1580 921 1644 in
939 1579 1143 1660 Flandriam,
1163 1595 1230 1648 ter·
1281 1595 1283 1599 '

106 1707 179 1748 ram
196 1707 288 1748 suam
305 1697 338 1748 et
354 1695 484 1772 patrum
506 1680 743 1765 suorumsQui
759 1706 777 1748 a
793 1681 869 1754 liliis
884 1680 952 1746 suis
969 1694 1002 1745 et
1017 1695 1153 1770 nepote,
1171 1709 1232 1772 per

103 1785 203 1850 villas
223 1784 378 1850 Flandrie
399 1784 653 1862 circumvectus,
671 1786 713 1848 ab
734 1785 825 1848 omni
840 1784 978 1872 populo,
996 1783 1150 1872 plurimis
1171 1810 1230 1874 pre

105 1887 232 1978 gaudio
254 1887 523 1966 lacrimantibus,
547 1910 621 1951 curn
642 1909 759 1976 magna
780 1886 885 1953 letitia
906 1899 957 1950 est
976 1899 1143 1975 receptus.
1164 1888 1231 1952 Sed

105 1989 185 2078 quia
211 1989 333 2055 debilis
353 2003 423 2054 erat
444 2003 476 2054 ct
501 1989 673 2077 decrepite
696 1988 811 2069 etatis,
834 2001 867 2053 et
885 1989 1124 2079 gubernationi
1142 2002 1230 2054 terre

106 2117 173 2158 non
192 2107 322 2183 poterat
336 2093 531 2172 intendere,
552 2117 587 2157 ea
609 2091 726 2158 relicta
746 2091 824 2157 filiis
844 2105 877 2156 et
894 2091 1020 2181 nepoti,
1044 2092 1078 2156 in
1093 2093 1230 2160 Winen·

105 2196 183 2262 dale
199 2196 408 2262 mansionem
429 2195 574 2283 quietam
596 2209 629 2260 et
642 2195 825 2283 jucundam
841 2194 955 2283 elegit.

138 2393 160 2438 l.
180 2390 654 2446 111111ᾱοε.-ΜαηίιιᾱεΤοιηηαῑ,
668 2390 696 2438 Li
717 2389 818 2447 Muisis,
834 2389 918 2436 donne
934 2389 972 2438 les
986 2389 1060 2436 dates
1080 2397 1182 2437 exactas
1196 2388 1230 2436 du

106 2454 179 2515 si'ege
192 2454 224 2500 de
234 2453 348 2500 Touanai
360 2453 455 2516 parles
469 2452 609 2500 FIamands
619 2453 658 2501 :le
672 2453 743 2514 siege
752 2467 902 2512 commcnqa
911 2453 935 2499 le
947 2452 976 2498 15
988 2451 1053 2498 avril
1068 2451 1128 2498 1³03
1138 2458 1162 2499 et
1172 2451 1230 2499 finit

106 2517 129 2562 le
140 2520 155 2562 u
168 2511 407 2579 septembre.Voici
422 2517 447 2562 le
460 2515 525 2564 recit
535 2531 540 2562 ι
552 2531 563 2560 a
575 2515 621 2564 Die
634 2514 707 2564 doris
723 2521 792 2588 post,
805 2521 932 2564 venerunt
951 2514 1125 2562 Flandrenscs
1138 2529 1230 2562 versus

106 2580 255 2626 Tornaeum
273 2585 300 2625 et
316 2579 429 2625 fixerunt
445 2578 558 2625 tentoria
576 2594 632 2633 sua,
652 2577 806 2639 incipientes
821 2595 835 2624 a
850 2576 929 2624 fluvio
946 2576 1039 2624 Scalde
1058 2583 1117 2623 ante
1138 2583 1227 2639 portas

106 2641 137 2686 de
156 2639 282 2688 Burdello
299 2647 325 2686 ct
345 2641 377 2687 de
398 2641 515 2686 Fontana
533 2646 558 2686 et
578 2655 657 2702 super
675 2639 760 2686 rivum
773 2639 804 2686 de
828 2641 927 2701 Mayra,
948 2639 1141 2686 circumdantes
1163 2638 1229 2686 civi-

106 2709 185 2753 tatem
206 2701 327 2750 tentoriis
348 2718 430 2766 usquc
455 2703 487 2750 ad
506 2701 616 2749 fluvium
636 2701 730 2749 Scalde
756 2703 891 2764 superius,
908 2707 1003 2766 cantra
1021 2708 1113 2766 portas
1132 2701 1163 2748 dc
1183 2703 1229 2748 Va·

106 2766 273 2812 lencbiennes
291 2771 316 2812 et
338 2765 460 2812 Fratrum
478 2765 608 2811 minorum
633 2769 658 2810 et
682 2779 763 2827 super
788 2763 897 2811 fluvium
919 2763 950 2810 de
974 2763 1042 2819 Ries,
1068 2770 1092 2811 et
1115 2764 1228 2810 tentoria

106 2827 204 2876 domini
226 2828 359 2876 Guillelmi
379 2828 411 2876 da
432 2827 519 2876 dulers
537 2832 722 2884 erant-contra
739 2831 843 2888 partam
863 2825 1023 2883 S.·Martini,
1036 2833 1062 2873 et
1079 2827 1229 2874 Insulenses

106 2895 196 2937 contra
211 2898 314 2952 portam
327 2889 358 2937 de
373 2890 467 2948 Vinea,
483 2891 636 2952 fueruntque
654 2890 741 2936 levata
754 2889 860 2954 ingenia
872 2888 898 2935 in
909 2887 1014 2936 uisitata
1027 2896 1053 2934 ct
1065 2887 1143 2935 etiam
1157 2895 1229 2934 extra

106 2951 132 2997 in
143 2952 208 3006 acie,
222 2952 247 2999 in
260 2951 373 3000 diversis
385 2952 459 3006 locis,
474 2957 499 3000 et
512 2953 628 3000 lecerunt
644 2950 734 3014 plures
749 2950 864 2998 insultus
877 2951 909 2998 dc
922 2949 1044 3012 ingeniis,
1056 2957 1081 2996 et
1094 2951 1228 3013 adportas

105 3013 233 3062 veniendo
242 3014 268 3061 in
278 3020 378 3062 tuntum
389 3015 487 3079 quadiu
498 3013 619 3078 pluribus
630 3013 773 3061 insultibus
787 3029 866 3061 maan
878 3013 911 3062 ad
923 3028 1030 3060 manum
1042 3019 1229 3074 pugnaverunt

105 3075 174 3122 cives
194 3082 220 3122 et
238 3075 391 3124 adversarii.
420 3077 501 3124 Erant
519 3082 607 3123 autem
621 3075 647 3122 in
669 3075 783 3134 civitate,
797 3092 857 3123 cum
878 3074 1082 3131 habitatoribus,
1100 3091 1130 3122 ex
1151 3081 1227 3136 parte

107 3137 205 3185 domiui
230 3139 321 3202 regis:
346 3139 498 3186 Foucardns
519 3139 551 3185 de
567 3139 657 3186 ldierls
674 3138 761 3185 etalii
782 3137 876 3186 famosi
900 3137 951 3186 viri
971 3138 1086 3193 nobiles,
1106 3137 1228 3186 dominus

107 3199 216 3247 Michael
228 3200 259 3247 de
272 3200 378 3264 Lignea.
391 3201 523 3248 Tambous
538 3200 714 3254 bombardae,
731 3201 854 3248 Pietrisos
867 3199 981 3248 etmulti
995 3200 1091 3246 milites
1105 3205 1130 3246 ct
1144 3201 1226 3246 urmi-

109 3262 171 3322 geri,
186 3261 231 3324 qui
256 3277 316 3308 curn
335 3263 437 3309 civibus
459 3269 485 3310 et
501 3262 697 3311 habitatoribus
720 3262 845 3320 fideliter,
864 3263 989 3309 audacter
1009 3269 1033 3309 et
1053 3261 1229 3308 amicabiliter

110 3339 135 3369 se
155 3330 303 3387 gesserunt.
323 3325 399 3372 Ultra
417 3331 505 3372 autern
524 3325 633 3373 fluvium
651 3325 744 3374 Scalde
763 3325 810 3371 tuit
832 3329 887 3372 toto
901 3332 1028 3389 ¹tempure
1049 3324 1119 3380 sedis
1141 3324 1228 3372 aditus

110 3394 213 3448 apertus
231 3394 256 3434 et
273 3391 348 3433 erant
360 3387 392 3432 ad
409 3393 499 3449 portas
516 3387 647 3444 custodes,
663 3393 688 3433 et
709 3393 784 3434 erant
799 3393 852 3434 tota
869 3385 912 3434 die
929 3393 1019 3460 aperte
1037 3387 1190 3434 excuntibus
1203 3393 1229 3434 et

110 3447 267 3497 intrantibus
280 3455 306 3496 et
318 3449 344 3495 in
359 3455 433 3497 nocte
449 3449 628 3506 serrabantur,
645 3449 872 3512 portabanturqae
883 3463 971 3496 omnia
984 3448 1087 3495 venalia
1103 3456 1128 3496 et
1142 3465 1229 3496 neces·

112 3511 176 3560 saria
198 3511 297 3559 civitati
320 3511 352 3557 dc
374 3512 493 3558 Hanania
508 3511 579 3558 etde
598 3511 658 3558 aliis
678 3511 782 3575 patriis,
805 3511 930 3573 ibuntque
948 3517 973 3558 et
995 3511 1116 3558 redibant
1138 3527 1229 3558 secure

113 3581 266 3622 mercatores
282 3579 307 3620 et
322 3580 478 3635 mercatur-e,
493 3580 518 3620 et
530 3579 584 3620 tcta
604 3574 752 3622 communia
773 3581 828 3621 tcto
849 3573 896 3620 illo
916 3579 1034 3635 tempore
1054 3574 1118 3621 bene
1140 3573 1227 3621 lucra-

112 3632 211 3683 bantur.
226 3636 341 3683 Fuerunt
353 3636 527 3684 Flandrenscs
538 3635 565 3682 in
578 3635 647 3682 dicta
659 3637 719 3683 sade
735 3651 782 3698 per
795 3635 912 3699 spatium
924 3635 1014 3682 decem
1029 3642 1054 3682 et
1066 3651 1160 3683 novem
1173 3636 1229 3682 die-

112 3711 174 3753 rum,
188 3705 214 3746 et
225 3697 342 3754 videntes
355 3699 424 3760 quod
439 3698 503 3746 nibil
517 3698 673 3761 proficerent
690 3714 821 3746 recessum
837 3715 913 3746 suum
926 3697 1122 3745 ordinaverunt.
1135 3699 1163 3746 ln
1177 3714 1229 3744 unu

111 3765 193 3807 autem
206 3761 338 3808 dominica
349 3761 465 3808 lacerant
477 3777 558 3808 unum
569 3767 675 3823 pontem
688 3776 768 3823 super
781 3762 890 3808 fluvium
899 3760 1001 3816 Scalde,
1011 3766 1081 3806 retro
1094 3760 1228 3810 abbatiam

113 3823 262 3870 monialium
281 3822 313 3870 de
325 3823 420 3879 Pratis‚
439 3831 465 3870 et
481 3823 643 3870 transierunt
659 3839 753 3885 magna
769 3839 841 3886 pars,
856 3830 881 3870 et
895 3823 922 3870 in
935 3822 1047 3870 diversis
1061 3823 1124 3868 locis
1138 3823 1228 3885 plures

111 3881 197 3931 domos
210 3885 413 3933 combusserunt
428 3887 524 3932 multos
542 3885 694 3948 spoliantes.
714 3887 745 3932 Et
759 3885 842 3933 inilia
856 3885 897 3933 die
920 3885 968 3933 tuit
987 3886 1126 3932 combusta
1145 3886 1228 3931 curtis

112 3943 251 3994 S.·llartini
271 3949 287 3992 ἀ
301 3948 473 4013 Costentct'ng.
488 3963 547 3994 cum
560 3946 723 4002 molendino:
743 3964 822 4011 super
839 3947 926 3995 rivum
948 3948 1023 3994 Melle
1040 3954 1065 3994 et
1085 3947 1178 3994 domus
1197 3947 1229 3993 de

113 4005 275 4072 Rumegnies,
291 4011 444 4072 fueruntque
462 4010 487 4056 in
505 4011 581 4056 domo
595 4011 626 4057 de
639 4010 775 4065 Torielles,
791 4009 835 4057 scd
849 4011 914 4056 nihil
924 4009 1022 4056 ibidem
1034 4010 1191 4056 invenerunt
1204 4016 1230 4056 et

113 4067 192 4116 eidem
211 4078 394 4134 pepercerunt,
417 4078 574 4135 procurante
599 4071 734 4135 preposito
758 4072 827 4119 dicto
847 4072 879 4120 de
899 4073 923 4119 le
944 4073 1055 4134 Courbe,
1078 4071 1177 4118 ballivo
1197 4072 1228 4118 de

113 4130 265 4190 aldenarda,
276 4139 302 4181 ct
313 4135 413 4182 reversi
426 4141 487 4181 sunt
498 4135 652 4197 perdictum
665 4141 772 4196 pontem
782 4134 814 4180 ad
828 4133 978 4190 exercitum,
992 4141 1017 4182 et
1026 4140 1191 4181 recesserunt
1201 4135 1226 4180 in

114 4195 223 4243 crastino
237 4196 298 4244 testi
314 4196 465 4244 Natiuitatis
488 4197 563 4244 beate
582 4197 708 4260 Virginis,
719 4196 880 4262 deponentes
894 4211 942 4243 sua
962 4197 1082 4252 tentoria,
1097 4204 1122 4244 et
1134 4197 1228 4259 logias,

114 4267 174 4314 quas
188 4260 310 4319 fecerant,
322 4259 504 4306 comburentes
519 4276 540 4305 a.
560 4259 588 4306 Li
602 4259 702 4317 Muisis‚
716 4261 790 4322 publ.
805 4275 854 4324 par
868 4261 903 4307 De
917 4260 996 4316 Smet,
1012 4261 1108 4322 Corpus
1128 4257 1230 4306 chroni-

115 4331 196 4365 corum
208 4321 343 4373 Flandria.
358 4322 390 4383 ll,
405 4323 519 4370 tua-200.
