3154 5190
328 411 358 458 au
706 409 857 458 ANNALES
873 409 1068 458 GANDENSES
1392 410 1455 457 1303

331 525 395 590 kal.
427 525 539 590 Maiil.
569 525 698 608 Quibus
725 525 969 590 Hollnudeuses
997 538 1032 590 et
1062 525 1287 590 Zelandenses
1316 525 1455 590 domino

330 653 402 704 sno,
424 628 538 694 comiti
556 626 718 704 llanonie,
737 628 896 705 faventes,
914 627 1069 692 homines
1090 628 1191 692 fortes
1212 641 1245 693 et
1260 629 1357 716 quasi
1375 653 1454 692 con·
1555 669 1556 696 r

328 731 422 794 tinne
445 729 608 795 bellantes
633 729 684 794 vel
710 741 824 796 mutuo
850 729 901 794 vel
931 742 1046 796 contra
1066 743 1257 798 extraneos.
1284 730 1327 795 de
1352 744 1454 818 portu
1555 775 1556 792 r

329 831 618 921 Middelburgensi
630 831 823 896 cumulasse
838 855 957 920 magna
967 845 1001 897 et
1011 833 1160 898 exercitu
1172 833 1311 920 copioso
1324 834 1455 922 egressi

329 946 560 1010 occurrerunt,
580 932 705 998 bellum
727 933 841 998 navale
861 957 937 1000 cunr
959 934 1222 1000 Flandrensibus
1241 937 1456 1000 committere
1555 935 1556 954 ³

328 1037 523 1125 cupientes3
546 1048 874 1124 comparueruntqnc
893 1035 958 1100 due
975 1036 1082 1102 clases
1101 1050 1135 1101 et
1150 1036 1217 1101 duo
1232 1035 1402 1102 exercitus
1421 1039 1453 1102 in
1555 1057 1556 1072 ³

331 1141 424 1218 mari,
444 1138 555 1218 divisi,
586 1163 672 1204 unus
696 1138 863 1204 exercitus
890 1140 931 1204 ab
956 1139 1074 1217 altero,
1098 1163 1159 1228 per
1184 1140 1329 1228 spatium
1353 1139 1456 1204 unius

329 1243 436 1308 leuce.
453 1231 706 1331 Videnlesergo
721 1241 1069 1318 nauteFlandrenses‚
1088 1242 1184 1330 gnari
1203 1241 1316 1317 maris,
1337 1241 1455 1306 hostes
1555 1301 1556 1308 ,

329 1369 407 1411 suos
427 1344 589 1412 babentes
610 1342 809 1411 beneficium
826 1343 930 1420 senti,
949 1343 1039 1432 quod
1055 1356 1107 1408 est
1126 1368 1282 1432 magnum
1295 1347 1453 1432 juvamen

329 1447 362 1512 in
384 1447 465 1511 mari
479 1444 669 1512 volentibus
684 1445 841 1533 preliari,
859 1459 930 1510 arte
946 1445 1077 1512 nautica
1093 1445 1301 1534 obliquoque
1318 1445 1453 1510 navium

329 1573 462 1616 suarum
477 1548 620 1614 decursu
635 1547 924 1626 circumvelantes,
942 1561 976 1611 ct
988 1548 1142 1615 hostibus
1155 1548 1316 1636 paulatim
1330 1572 1453 1637 appro-

327 1651 544 1741 pinquantes,
561 1649 762 1717 beneficium
782 1650 871 1714 venti
887 1663 1006 1720 ,contra
1023 1674 1080 1714 eos
1099 1650 1331 1716 obtinuerunt.
1351 1651 1454 1735 Quod

327 1754 477 1844 ipsorum
498 1765 597 1818 naute
616 1767 807 1830 cernentes,
826 1754 946 1819 timore
964 1754 1118 1819 concussi
1134 1753 1302 1843 fugientes
1320 1753 1355 1817 in
1369 1777 1452 1841 por-

327 1871 398 1924 tum
413 1880 486 1922 sum
501 1868 579 1920 sunt
600 1855 736 1919 reversi.
761 1853 868 1943 Igitur
890 1854 1000 1920 Guido
1017 1855 1267 1934 Namurcensis‚
1285 1856 1453 1944 probissi-

329 1984 401 2024 mus
418 1957 524 2035 miles‚
546 1955 604 2022 diu
624 1955 659 2022 in
680 1957 763 2021 mari
789 1981 923 2022 manere
947 1957 1080 2035 nolens,
1106 1956 1250 2046 septimo
1271 1958 1336 2022 kal.
1354 1957 1450 2035 Maii,

328 2063 362 2128 in
377 2061 433 2126 die
448 2060 578 2126 scilicet
597 2060 686 2124 beati
696 2059 797 2124 Marci
808 2060 832 2136 2,
853 2059 1034 2148 assumptis
1054 2084 1167 2126 secum
1185 2059 1321 2125 circiter
1341 2059 1453 2125 tribus

328 2163 477 2229 millibus
515 2161 795 2239 Flandrensium,
833 2161 1038 2252 octingentis
1082 2161 1346 2228 Zelandensibus
1383 2161 1453 2228 sibi

328 2265 515 2332 laventibus
538 2277 572 2328 et
595 2263 776 2330 balistariis
801 2263 866 2328 sibi
889 2263 1103 2342 necessariis,
1125 2289 1225 2330 naves
1245 2289 1320 2330 suas
1338 2289 1452 2354 egres-

326 2393 396 2446 sus,
412 2381 535 2434 terram
552 2364 792 2432 Zelandensem
808 2365 842 2430 in
858 2365 967 2432 insula
981 2365 1152 2434 Walkaria
1172 2366 1338 2446 ascendit,
1353 2370 1451 2454 juxta

325 2470 437 2537 villam
464 2481 703 2558 campestrem,
731 2492 797 2557 que
826 2482 962 2536 vocatur
985 2469 1096 2536 Veere,
1120 2469 1173 2535 vel
1198 2471 1387 2558 Campberc
1415 2485 1453 2535 et

326 2575 434 2638 luerat
450 2571 618 2662 quondam
637 2571 805 2640 Wullardi
820 2570 924 2636 occisi
945 2584 978 2636 et
995 2582 1112 2660 postea
1132 2571 1275 2636 filiorum
1297 2597 1449 2651 suorum,

326 2690 405 2742 tunc
420 2675 463 2742 de
477 2689 566 2740 terra
586 2698 644 2740 sua
665 2673 879 2762 expulsorum
899 2685 933 2738 et
953 2697 1028 2739 crim
1044 2674 1198 2740 Guidone
1217 2675 1449 2744 existentium.
1555 2687 1556 2700 ³

326 2777 486 2844 Videutes
509 2789 618 2842 autem
636 2775 685 2840 illi
705 2775 747 2840 de
766 2777 872 2842 Veere
892 2774 1089 2840 domicellos
1106 2801 1201 2855 snos,
1221 2776 1376 2842 alacriter
1391 2802 1451 2843 eos
1555 2783 1556 2858 ἶ

327 2892 543 2968 receperunt,
572 2879 748 2956 ballivum,
776 2879 833 2966 qui
853 2891 925 2944 crat
944 2877 992 2942 ibi
1012 2903 1051 2942 ex
1071 2893 1165 2966 parte
1184 2880 1337 2957 comitis,
1358 2883 1451 2945 occi·

325 2984 457 3050 dentes.
477 2983 627 3069 Cumque
640 2979 751 3045 Guido
767 2993 800 3046 ct
811 2981 893 3045 socii
910 2981 962 3044 sui
977 2980 1219 3068 aliquantulum
1235 2980 1362 3046 ibidem
1380 2981 1451 3048 cibi

326 3083 561 3174 sumpsissent,
574 3081 762 3148 nuntiatum
776 3096 827 3146 est
837 3082 879 3162 ei,
896 3082 1011 3147 hostes
1022 3084 1295 3172 appropinquare
1304 3085 1450 3172 prelium

325 3189 513 3277 cupientes.
533 3185 598 3267 Qui
615 3185 770 3250 alacriter
783 3209 927 3274 surgens
942 3184 984 3248 de
1002 3209 1115 3249 mensa
1135 3185 1182 3250 eis
1203 3209 1278 3250 cum
1298 3187 1449 3253 exercitu

326 3315 386 3364 suo
406 3288 536 3384 obviam
554 3286 732 3376 prooessit.
757 3286 980 3352 Commissum
998 3300 1049 3350 est
1070 3286 1182 3376 itaque
1205 3288 1328 3354 bellum
1347 3314 1450 3378 super

326 3417 482 3484 aggerem
507 3389 685 3480 quemdam
711 3388 866 3478 superius
898 3400 930 3454 et
957 3412 997 3452 ex
1030 3402 1170 3477 utroque
1203 3389 1307 3456 latere
1341 3392 1448 3481 ipsius
1555 3437 1556 3444 κ

325 3495 458 3587 aggeris
479 3492 618 3560 inferius
643 3517 716 3557 cum
743 3490 951 3557 ferocissimo
968 3503 1002 3554 et
1025 3491 1256 3558 crudelissimo
1280 3518 1446 3574 oooursu3

325 3598 449 3687 diuque
466 3621 506 3662 ex
518 3609 658 3684 utraque
673 3606 767 3682 parte
784 3591 965 3657 crudeliter
981 3606 1013 3657 ct
1024 3593 1164 3659 viriliter
1179 3609 1364 3685 pugnatum
1382 3611 1446 3665 est.
1555 3651 1556 3654 ,

326 3700 394 3766 Sed
420 3698 660 3770 Hollandenses
685 3709 719 3761 et
743 3694 980 3773 Zelandenses,
1000 3717 1094 3760 acres
1117 3695 1149 3760 in
1165 3697 1333 3785 principio
1359 3701 1447 3764 etin

325 3827 485 3892 aggressu
518 3799 682 3886 bellorum
721 3796 840 3862 ferocis
868 3819 1040 3874 occursus,
1070 3821 1136 3862 non
1171 3797 1229 3864 diu
1264 3801 1447 3888 persistere

324 3905 446 3981 solent,
477 3902 555 3967 dum
586 3903 688 3966 sortes
719 3897 894 3964 inveniunt
919 3900 1127 3977 resistentes,
1156 3899 1244 3965 unde
1274 3915 1307 3966 et
1335 3901 1396 3980 ibi,
1430 3929 1446 3968 a
1555 3959 1556 3970 ,

357 4207 379 4256 1.
398 4209 432 4258 Le
444 4209 515 4256 stou
526 4207 555 4252 23
566 4203 634 4254 avril
646 4205 712 4252 1303.

357 4273 379 4322 2.
399 4271 433 4320 Le
446 4271 475 4318 25
486 4268 553 4318 avril
567 4266 636 4315 1³03.
