3154 5190
345 443 375 508 tr
724 439 874 506 inuitus
892 437 1086 506 caubudsn's
1409 435 1471 500 faoi
1555 509 1556 518 ἵ

390 579 597 642 Corruerunt
612 574 715 665 igitur
733 573 798 640 isto
819 574 874 639 die
892 574 934 639 de
948 574 1096 640 exercitu
1116 573 1316 638 Flandrensi
1333 571 1473 636 circiter
1555 655 1556 660 ἵ

344 693 487 768 quatuor
508 677 608 742 millia
631 689 850 754 armatorum,
878 676 967 742 inter
990 701 1074 764 quos
1101 677 1160 741 fuit
1185 674 1473 764 precipuusWil-

345 781 474 846 helinus
491 777 702 859 iuliacensis,
719 779 775 869 qui
791 773 972 869 iase'quens
989 781 1102 843 hostes
1117 778 1168 842 vel
1187 776 1420 866 oppressionis
1442 790 1475 839 et

345 906 441 949 casus
460 881 679 948 suffocatione
695 880 877 946 interiit—
890 895 961 945 erat
974 881 1061 945 enim
1078 877 1189 945 tenuis
1210 877 1472 968 complexionis,

343 985 422 1049 licet
443 995 533 1050 esset
553 984 736 1064 animosus,
757 1023 803 1034 --
820 984 884 1063 vel,
902 997 939 1048 ut
951 982 1071 1049 Franci
1094 995 1265 1061 asserunt,
1296 1006 1355 1046 eos
1377 980 1474 1045 inse·

345 1111 464 1174 quens,
486 1109 559 1151 cum
580 1111 682 1176 parvo
700 1111 807 1153 cuneo
824 1086 958 1152 circiter
982 1087 1122 1151 LXXX.
1147 1085 1305 1150 virorum.
1329 1086 1474 1148 Constat

346 1189 434 1254 enim
454 1189 717 1255 Flandrensibus
734 1189 830 1278 quasi
846 1189 1042 1266 innumeris,
1066 1187 1157 1277 quod
1177 1211 1283 1276 usque
1301 1185 1474 1276 adtingam

345 1293 549 1357 Francorum
578 1315 677 1356 sanus
701 1294 794 1380 juxta
822 1305 855 1356 et
879 1288 1069 1370 incolumis,
1101 1290 1142 1355 ab
1168 1291 1318 1380 ipsorum
1341 1288 1475 1352 scilicet

346 1397 547 1460 Francorum
569 1395 738 1482 equitibus
756 1392 983 1458 circumdatus
1011 1404 1044 1456 et
1064 1392 1256 1471 conclusus,
1280 1415 1355 1455 cum
1377 1390 1474 1454 omni

346 1495 504 1562 societate
521 1521 579 1561 sua
594 1495 776 1562 fortissime
797 1496 845 1562 eis
865 1496 1044 1562 resistente
1063 1508 1096 1560 et
1112 1508 1268 1574 nocente,
1284 1494 1473 1579 interemp-

344 1611 398 1663 tus
418 1599 587 1664 occubuit:
611 1603 651 1664 Et
673 1600 750 1688 qnia
773 1611 891 1688 postea
909 1598 1037 1663 nullum
1061 1597 1225 1662 indicium
1246 1609 1373 1662 certum
1394 1619 1474 1660 cor-

345 1703 437 1790 poris
455 1703 525 1789 ejus
541 1701 592 1766 vel
609 1723 775 1766 armorum
792 1727 809 1766 a
824 1702 960 1766 Francis
982 1724 1044 1765 nec
1059 1725 1077 1766 a
1092 1700 1356 1766 Flandrensibus
1377 1711 1473 1786 pote·

340 1817 398 1868 rat
414 1804 573 1884 inveniri,
601 1805 752 1894 vulgares
783 1803 948 1894 Flamingi
971 1803 1073 1892 longo
1094 1815 1209 1891 postea
1229 1814 1383 1890 tempore
1399 1813 1473 1864 arte

347 1908 491 1995 magica,
510 1906 564 1972 cui
589 1906 808 1985 inserviebat,
828 1906 938 1994 ipsum
957 1905 1167 1970 affirmabant
1186 1905 1350 1984 ablatum,
1376 1916 1409 1970 et
1437 1902 1471 1966 in

346 2023 533 2096 posterum,
555 2023 707 2097 tempore
730 2032 790 2074 suo
811 2007 1029 2096 competenti,
1055 2007 1190 2096 quando
1210 2007 1275 2096 ipsi
1296 2007 1330 2072 in
1352 2005 1472 2092 majori

347 2125 459 2176 essent
484 2111 564 2177 belli
590 2110 754 2200 periculo,
783 2110 982 2180 rediturum.
1009 2109 1076 2174 Sed
1107 2110 1170 2174 bec
1198 2109 1312 2176 frivola
1338 2121 1475 2174 suntet

346 2214 507 2279 fabulosa,
530 2216 666 2279 Certum
693 2227 744 2278 est
769 2213 857 2277 enim
884 2213 974 2302 quod
1001 2214 1066 2277 isto
1090 2213 1145 2277 die
1172 2212 1291 2301 periit,
1318 2211 1473 2301 quamvis

346 2315 470 2382 iudicia
490 2315 641 2404 corporis
660 2315 713 2380 vel
733 2341 900 2380 armorum
925 2318 997 2404 ejus
1017 2314 1106 2380 inter
1126 2315 1248 2380 multos
1269 2315 1399 2380 occisos
1418 2314 1472 2380 vel

347 2443 528 2508 oppressos
549 2443 614 2483 non
630 2431 786 2506 poteraut
801 2418 961 2496 inveniri3
985 2420 1047 2484 hoc
1069 2417 1157 2483 enirn
1179 2418 1220 2482 de
1236 2417 1351 2482 multis
1371 2418 1473 2483 nobi·

346 2520 434 2587 libus
454 2520 576 2586 accidit
590 2524 625 2585 in
642 2523 815 2587 Curtraoo.
835 2520 966 2585 Dicitur
986 2519 1120 2609 quidam
1142 2520 1307 2608 pessimus
1323 2520 1472 2586 incanta·

345 2636 398 2687 tor
422 2623 464 2687 de
487 2622 609 2688 familia
630 2647 686 2689 sua
714 2624 798 2688 mala
817 2659 861 2676 --
887 2635 920 2688 et
941 2636 1021 2688 tuuc
1042 2647 1115 2687 cum
1143 2647 1181 2687 eo
1206 2635 1277 2688 erat
1300 2659 1344 2672 -—
1359 2623 1472 2711 ipsum

345 2725 532 2812 decepisse,
570 2725 646 2814 quia
681 2727 882 2814 promiserat
917 2724 1001 2804 sibi,
1035 2724 1125 2814 quod
1160 2725 1303 2814 quadam
1340 2724 1471 2814 magica

346 2826 585 2904 incantatione,
607 2851 706 2916 quam
722 2827 787 2893 sibi
802 2827 981 2907 didicerat,
1004 2828 1205 2917 quandoque
1222 2827 1321 2892 vellet
1336 2839 1369 2891 et
1384 2826 1473 2892 indi-

345 2943 452 3020 geret,
474 2931 627 2994 hostibus
647 2943 680 2994 et
702 2931 959 3019 quibuscunque
981 2929 1054 2995 aliis
1074 2929 1253 2994 invisibilis
1274 2929 1381 2994 fieret.
1402 2929 1472 2995 Sed

346 3032 435 3098 dicta
454 3031 636 3097 incantatio
650 3032 734 3096 nihil
756 3032 822 3097 sibi
842 3032 896 3096 hic
917 3031 1055 3121 profuit,
1074 3045 1235 3120 quantum
1251 3033 1293 3096 ad
1308 3033 1373 3096 vite
1392 3057 1470 3097 con-

347 3136 578 3200 servationem.
591 3135 712 3200 Nescio
728 3133 755 3198 si
772 3134 898 3222 profuit
913 3148 1073 3222 quantum
1083 3135 1124 3199 ad
1136 3135 1285 3223 corporis
1298 3135 1347 3199 sui
1360 3135 1472 3200 occul·

346 3235 525 3316 tationem3
544 3236 639 3301 facile
657 3237 745 3301 enim
760 3250 810 3302 est
832 3237 1032 3302 demonibus
1048 3261 1170 3327 corpus
1191 3237 1326 3325 aliquod
1341 3238 1471 3302 admor-

346 3351 440 3405 tuum
459 3340 638 3404 occultare.
659 3338 756 3405 Unde
777 3352 810 3404 et
836 3339 946 3404 dictus
969 3339 1156 3406 incantator
1176 3339 1267 3404 brevi
1288 3353 1364 3428 post
1384 3353 1470 3404 tem-

347 3466 442 3529 pore,
463 3441 551 3530 apud
566 3442 774 3521 Bruxellam,
791 3468 807 3506 a
828 3443 991 3521 iohanne,
1012 3443 1097 3508 duce
1113 3442 1304 3523 Brabantie,
1326 3456 1470 3532 cognato

347 3544 533 3623 Wilhelmi,
556 3545 599 3609 ob
624 3545 750 3610 dictum
778 3545 888 3609 scelus
912 3546 953 3609 ab
977 3545 1051 3634 ipso
1068 3546 1268 3623 confessum,
1292 3544 1471 3610 confractis

348 3645 494 3711 brachiis
511 3659 544 3712 et
561 3646 671 3725 tibiis,
695 3660 768 3712 rote
789 3671 806 3711 a
821 3660 911 3711 terra
931 3646 965 3712 in
983 3648 1085 3712 altum
1101 3649 1226 3714 elevate
1244 3661 1294 3713 est
1310 3646 1467 3726 inflexus,

347 3773 409 3814 nec
427 3750 537 3838 potuit
560 3749 625 3814 sibi
649 3748 737 3814 dicta
756 3749 938 3814 incantatio
959 3751 993 3814 in
1019 3750 1130 3839 aliquo
1155 3751 1328 3840 prodesse.
1348 3752 1469 3816 Franci

347 3851 446 3916 etiam
464 3851 592 3931 dicunt,
621 3851 675 3917 die
701 3853 863 3929 crastina,
889 3867 988 3942 caput
1016 3853 1188 3922 Wilhelmi
1212 3879 1228 3918 a
1251 3876 1391 3941 corpore
1409 3875 1468 3919 suo

347 3954 482 4020 invento
506 3954 690 4020 abscissum
711 3978 812 4043 super
833 3955 960 4020 hastam
982 3955 1084 4022 fuisse
1104 3981 1164 4044 per
1184 3958 1366 4022 exercituin
1382 3960 1468 4048 ipso·

348 4081 419 4120 rum
454 4057 748 4145 circumportatum
782 4069 820 4120 'et
856 4058 925 4147 regi
957 4073 1203 4146 presentatum,
1240 4062 1298 4125 sed
1332 4060 1467 4150 quidam

349 4159 483 4250 cognati
498 4158 604 4248 ipsius
624 4159 796 4228 Wilhelmi
813 4159 854 4225 de
870 4161 1009 4227 Francia
1028 4176 1061 4228 et
1081 4187 1155 4228 oum
1177 4187 1255 4253 rege
1272 4162 1465 4241 existentes,

347 4271 380 4326 et
399 4258 535 4326 biliardi
557 4257 651 4322 multi
673 4257 713 4322 de
736 4257 911 4337 Flandria,
935 4261 991 4347 qui
1013 4260 1122 4350 ipsum
1144 4261 1269 4349 optimo
1288 4274 1464 4341 noverant,
