3178 5192
122 587 184 644 last
501 585 650 644 ANNALES
673 583 867 651 oaunstEs

623 794 751 860 1299.

167 974 264 1039 Anno
274 943 407 1037 Domiiri
420 973 685 1050 .M.CC.XClX.‚
700 971 846 1036 instante
858 971 1007 1036 hiemeet
1015 967 1103 1036 exitu
1116 984 1245 1064 treuga·

125 1101 208 1152 rum‚
228 1099 339 1140 comes
356 1075 480 1155 Guido,
498 1089 637 1163 propter
653 1073 802 1139 senium¹
819 1087 852 1138 et
867 1073 1246 1152 debilitatemnlterius

124 1179 276 1242 laborare
299 1202 365 1242 non
388 1177 520 1255 valens,
543 1176 822 1266 gubernationem
838 1190 926 1240 terre
947 1176 1102 1242 Flandrie
1120 1175 1246 1266 primo·

124 1280 240 1369 genito
259 1304 319 1344 suo
341 1281 490 1345 Roberto
506 1277 685 1356 tradidit‘2;
711 1279 785 1368 ipse
800 1303 878 1342 vero
896 1278 937 1343 ad
959 1291 1102 1343 castrum
1121 1293 1154 1343 et
1174 1303 1246 1368 pre-

124 1381 247 1446 sidium
276 1381 317 1447 de
346 1381 636 1471 Ruppellamundn
667 1405 702 1446 se
731 1381 883 1446 contulit.
922 1382 1089 1447 Robertus
1118 1395 1244 1460 autem,
1301 1383 1305 1390 ⁴

125 1483 308 1549 derelictus
338 1509 353 1548 a
388 1509 472 1574 papa
507 1498 540 1549 et
574 1507 654 1574 rege
687 1483 822 1573 hughe,
855 1483 912 1573 qui
950 1495 1061 1547 tamen
1083 1483 1148 1549 sibi
1180 1509 1246 1548 non

126 1599 331 1663 nocuerunt,
369 1587 497 1675 paravit
525 1610 577 1662 se,
607 1598 767 1674 quantum
793 1584 921 1675 potuit,
953 1585 992 1648 ad
1025 1587 1245 1650 resistendum

125 1690 328 1753 Francorum
358 1689 447 1778 regi,
479 1688 538 1753 sed
563 1711 630 1754 non
651 1687 765 1752 ualuit.
799 1690 880 1754 Nam
911 1688 997 1751 circa
1027 1687 1247 1777 Epiphaniam

123 1790 213 1856 venit
237 1791 393 1856 dominus
424 1791 585 1869 Karalus,
618 1792 720 1855 l'rater
744 1791 855 1878 regis,
879 1792 1008 1879 Brugas
1032 1814 1105 1855 cum
1129 1816 1248 1882 magno

126 1893 287 1973 exercitu,
304 1893 439 1960 circiter
459 1917 531 1958 cum
552 1892 643 1957 mille
663 1892 857 1983 quingentis
878 1892 1048 1982 equitibus
1065 1907 1098 1958 et
1114 1895 1250 1959 balista-

127 1995 183 2060 riis
202 1994 332 2060 multis.
355 1998 547 2085 Brugenses
569 1999 839 2082 nutememajores
857 2020 972 2060 omnes
993 2009 1026 2060 et
1046 1997 1087 2060 de
1107 2020 1250 2061 commu·

127 2100 231 2162 nitate
250 2096 352 2188 aliqui
372 2098 467 2163 valde
486 2111 580 2162 erant
597 2098 758 2163 contrarii
775 2097 887 2162 comiti
908 2111 940 2162 et
960 2097 1036 2162 filiis
1052 2100 1137 2175 suis,
1155 2099 1250 2163 valde
1286 2123 1289 2130 ·

127 2199 225 2264 etiam
255 2200 530 2290 indignabantur,
562 2200 652 2289 quod
687 2225 753 2292 non
786 2212 944 2290 poterant
973 2199 1019 2264 uti
1053 2212 1151 2289 portu
1190 2225 1250 2264 suo

128 2303 257 2367 marino
273 2316 410 2392 propter
430 2302 541 2367 villam
559 2303 601 2368 de
620 2307 715 2381 Dam‚
737 2326 833 2391 quam
855 2326 967 2367 comes
986 2303 1107 2367 fecerat
1129 2303 1250 2366 muniri

127 2418 191 2468 tam
209 2405 352 2482 sortiter,
372 2406 464 2493 quod
480 2404 750 2494 inexpugnabilis
767 2416 849 2469 erat.
867 2404 963 2472 Unde
978 2404 1133 2469 dominus
1150 2407 1250 2469 Karo-

128 2508 177 2571 lus
204 2532 278 2572 cunr
302 2509 422 2572 suiset
448 2509 679 2598 Brugensibus
699 2508 798 2572 multa
824 2509 1012 2598 gravamina
1034 2507 1147 2572 intulit
1161 2521 1251 2572 terre

129 2611 298 2674 Flandrie.
319 2612 399 2675 Nam
417 2609 526 2699 primo
542 2633 721 2699 aggressus
737 2623 787 2674 est
806 2611 975 2675 dominum
997 2610 1189 2699 Philippum
1210 2610 1252 2674 de

131 2713 360 2803 Maldeghem‚
389 2712 518 2777 scilicet
549 2714 648 2778 .XVl.
677 2712 741 2776 kal.
764 2713 938 2778 Februarii
953 2713 977 2790 ³,
998 2712 1053 2801 qui
1077 2711 1252 2802 Philippus

131 2815 223 2880 miles
250 2828 462 2880 contraxerat
486 2815 551 2879 sibi
576 2815 758 2880 exercitum
784 2814 970 2894 modicum,
998 2815 1132 2880 circiter
1163 2814 1252 2879 mille

131 2919 275 2984 virorum
296 2917 466 3006 peditum,
489 2918 530 2982 de
553 2941 611 2982 sua
632 2930 720 2982 terra
750 2928 784 2982 et
806 2916 879 2981 aliis
900 2919 1052 3006 partibus
1072 2916 1250 2994 Flandrie,

133 3022 291 3110 precipue
311 3019 442 3100 Wasie,
473 3044 557 3108 quos
587 3018 697 3084 minus
724 3020 909 3107 prudenter
931 3021 965 3084 in
988 3020 1063 3085 loco
1088 3045 1154 3085 non
1181 3032 1253 3085 tuto

133 3123 218 3188 circa
241 3122 445 3188 mansionem
470 3145 560 3186 snam
581 3121 768 3187 collocavit.
787 3123 871 3206 Qui,
894 3122 1059 3211 cumipse
1079 3123 1251 3211 Philippo,

134 3225 288 3290 adversus
300 3226 447 3290 Francos
459 3238 491 3289 et
504 3227 696 3313 Brugenses
712 3224 876 3289 modicam
893 3223 1117 3289 resistentiam
1133 3225 1253 3290 facien-

133 3339 195 3404 tes,
214 3330 246 3393 in
266 3329 359 3393 brevi
375 3327 506 3392 conl'usi
524 3341 613 3391 sunt.
638 3327 842 3392 Ceciderunt
864 3340 973 3392 autem
989 3352 1029 3391 ex
1049 3326 1097 3392 eis
1120 3327 1255 3392 circiter

136 3429 381 3517 quadringenti,
398 3444 430 3495 et
446 3429 566 3517 reliqui
586 3429 753 3519 lugerent,
772 3428 949 3519 Philippus
964 3453 1043 3494 vero
1057 3443 1173 3520 captus
1189 3443 1252 3508 est,

136 3547 167 3596 et
182 3532 257 3597 villa
281 3556 338 3596 sua
368 3531 584 3620 campestris,
611 3530 741 3596 scilicet
767 3530 997 3621 Maldeghem,
1029 3546 1251 3598 concremata.

137 3637 299 3724 Tempore
332 3635 469 3714 vernali,
500 3633 673 3722 predictus
711 3632 866 3698 dominus
900 3635 1040 3699 Karolus
1084 3659 1157 3699 cum
1190 3635 1254 3700 sibi

138 3735 375 3802 adherentibus
400 3737 500 3800 multa
525 3736 643 3800 danrna
672 3735 749 3800 lecit
769 3735 935 3801 ruralibus
957 3736 1148 3801 hominibus
1167 3737 1255 3802 circa

139 3971 185 4018 pas
196 3965 271 4006 exact
279 3975 329 4023 que
342 3959 367 4006 le
382 3974 451 4022 pape
471 3961 515 4006 ebt
529 3958 585 4021 pris
603 3956 733 4006 vis-a-vis
747 3957 781 4006 du
795 3964 879 4005 comte
896 3957 927 4005 de
940 3958 1052 4006 Flandre
1064 3959 1257 4022 l’engagemcnt

140 4019 200 4067 dont
211 4021 230 4068 il
245 4028 284 4069 ast
296 4021 416 4084 question
430 4021 568 4069 ei-dessns.
582 4019 693 4076 Quanta
708 4020 821 4068 l'uceord
835 4036 949 4068 surrenti
981 4022 1173 4070 recedemment
1184 4029 1257 4070 entre

141 4081 162 4128 le
174 4085 212 4130 roi
225 4084 403 4147 d'hngleterre
416 4091 441 4131 et
452 4084 475 4131 le
486 4089 570 4132 comte
582 4082 613 4129 dc
626 4081 746 4139 Flandre,
758 4083 783 4130 le
794 4082 937 4131 Scuvernin
971 4083 1051 4132 ontife
1061 4085 1085 4132 le
1095 4085 1201 4132 declara
1212 4086 1259 4131 nul

141 4159 186 4205 per
199 4163 245 4194 son
258 4147 328 4209 objet
342 4150 435 4204 meme,
448 4147 533 4210 lequel
548 4145 612 4194 etait
623 4147 648 4193 la
662 4161 765 4208 guerre.
1262 4143 1266 4150 ⁴

171 4208 190 4254 1.
209 4209 257 4258 Gui
271 4209 477 4272 delDampierre,
496 4212 527 4256 ne
540 4225 571 4256 en
584 4209 653 4264 1225,
665 4209 744 4264 avait,
758 4211 773 4255 a
786 4213 852 4255 cette
865 4207 933 4264 dete,
948 4210 977 4256 74
990 4225 1047 4259 uns.

170 4271 191 4316 2.
211 4271 278 4318 Dans
298 4288 348 4318 une
366 4272 511 4320 assemblee
524 4271 570 4318 des
585 4269 694 4334 de'putes
708 4270 741 4317 du
759 4286 826 4333 pays
844 4269 875 4316 de
890 4271 1003 4317 Flandre
1015 4277 1104 4329 tenue,
1121 4272 1145 4318 le
1162 4273 1176 4318 3
1195 4286 1255 4319 nov.

143 4330 208 4393 1299,
226 4338 241 4380 a
261 4334 424 4383 budenarde.
445 4335 530 4382 L’acte
549 4332 694 4396 estpublie
717 4349 766 4396 par
781 4333 813 4381 M.
838 4333 869 4379 de
892 4333 1146 4397 Limburg-Stirum,
1171 4336 1258 4381 codes

142 4392 316 4456 diplomaticus
327 4397 475 4453 Flandriae,
488 4398 509 4454 1,
518 4397 572 4444 27⁸.

171 4458 185 4506 ³
212 4457 403 4520 ttjanv.1300.
