3154 5190
114 487 169 543 lam
490 480 641 546 lhuttts
658 472 852 542 sanbuttsus
1201 477 1229 536 st

114 607 273 687 Hauonie,
297 599 553 688 concertabant3
575 607 663 672 unde
686 619 719 672 et
739 605 930 676 (luidonem
950 605 1144 686 ctericumt,
1167 608 1231 672 lra-

112 726 193 778 trem
208 707 380 790 iohannis,
398 707 433 774 in
452 710 597 800 quodam
611 709 712 788 hello,
735 710 769 772 in
786 731 852 796 qne
869 722 964 773 erant
977 708 1133 788 victores,
1157 733 1231 797 eap-

112 816 265 880 tivarunt.
298 817 417 878 Postea
442 826 554 878 tamen
582 812 719 880 cautelis
743 812 850 900 ipsius
882 811 1043 880 lobannis
1066 813 1230 898 preventi,

113 920 243 983 fratrem
263 941 359 981 suum
373 918 414 980 ab
430 916 479 980 eis
493 928 629 1004 captum
646 914 710 978 sibi
729 913 963 991 reddiderunt,
977 927 1013 1010 et
1027 914 1105 978 dolo
1126 913 1232 1002 ipsius

116 1019 246 1109 decepti
265 1059 309 1068 -
324 1019 365 1084 de
382 1043 449 1108 quo
464 1017 563 1082 nimis
582 1018 719 1108 longum
735 1029 824 1080 esset
844 1017 1005 1094 seribere,
1025 1053 1069 1068 -·-
1087 1007 1130 1082 de
1145 1030 1232 1083 terra

114 1147 169 1188 sua
195 1135 274 1187 sunt
297 1121 427 1210 expulsi
451 1133 485 1184 et
507 1119 614 1184 bonis
632 1117 727 1207 quasi
749 1119 917 1184 omnibns'
934 1119 1081 1214 spoliatl.
1111 1120 1176 1204 Qui
1200 1121 1232 1184 in

113 1239 235 1290 terram
261 1223 503 1290 Flnndrensem
521 1221 699 1312 fugientes,
724 1245 763 1286 eo
790 1235 954 1310 tempore,
976 1246 1042 1310 quo
1066 1246 1123 1288 rex
1142 1225 1175 1287 in
1194 1247 1234 1292 ea

114 1327 304 1392 immediate
327 1326 573 1402 dominabatur,
597 1323 631 1388 in
652 1324 794 1412 quadum
812 1337 907 1411 parte
931 1325 1039 1412 ipsius
1064 1327 1232 1404 Flandrie',

114 1454 176 1518 que
191 1442 325 1493 tenetur
341 1453 359 1493 a
374 1451 453 1517 rege
469 1425 700 1504 Alemanniet,
718 1426 867 1514 quamvis
883 1439 997 1492 essent
1012 1427 1143 1492 nobiles
1159 1429 1232 1508 viri,

114 1534 248 1620 inopem
265 1544 298 1596 et
311 1532 444 1596 tristem
461 1530 629 1594 ducebant
645 1527 757 1593 vitam.
827 1567 830 1570 ·

159 1636 242 1699 Cum
267 1646 379 1698 autem
407 1632 632 1697 Flandrenses
653 1652 732 1721 erga
753 1653 865 1720 regem
891 1644 924 1695 et
956 1633 1102 1696 Francos
1127 1634 1237 1721 cepis-

115 1750 190 1801 sent
211 1735 387 1814 rebellare,
412 1747 445 1799 et
462 1733 580 1800 ¹Guido
602 1733 842 1801 Namureensis
858 1735 892 1797 in
909 1757 945 1798 ea
966 1735 1104 1800 veniens
1123 1737 1237 1801 versu's

115 1841 313 1904 Curtraeum
337 1837 517 1902 exereitum
546 1836 701 1911 duceret,
725 1836 850 1900 alacres
876 1849 908 1900 et
929 1838 1016 1902 bone
1037 1839 1109 1926 spei
1127 1839 1252 1904 elleeti‘

117 1933 212 2004 multi
237 1939 397 2028 ipsorum,
431 1963 496 2004 non
527 1962 643 2002 omnes
667 1977 711 1990 -
732 1937 822 2002 inter
852 1962 934 2028 quos
964 1940 1145 2030 precipuus
1169 1954 1239 2006 erat

116 2044 285 2108 lohannes
310 2043 352 2106 de
381 2041 535 2120 Renisse,
566 2041 814 2106 valentissimus
841 2054 874 2106 et
898 2042 1098 2108 fortissimus
1129 2043 1235 2126 miles,

115 2169 190 2210 eum
220 2145 379 2210 fratribus
406 2146 487 2223 suis,
511 2183 551 2194 -
572 2143 638 2232 ipsi
666 2142 815 2210 Gnidoni
844 2144 1058 2225 adherentes,
1088 2147 1123 2210 in
1149 2147 1239 2212 bello

116 2247 332 2312 Curtracensi
351 2247 537 2335 periculum
549 2271 623 2311 eum
638 2271 678 2311 eo
694 2246 880 2325 subierunt,
900 2248 1131 2314 strenuissime
1151 2250 1186 2314 in
1202 2272 1241 2315 eo

115 2350 314 2439 preliantes.
337 2349 404 2414 Sed
425 2349 524 2414 modo
545 2348 748 2414 unanimiter
767 2373 882 2413 omnes
903 2373 977 2414 eum
1003 2350 1076 2440 ipsu
1094 2351 1241 2417 existen-

116 2464 166 2516 tes
185 2451 333 2518 vietores
352 2452 392 2516 ad
415 2465 521 2516 terras
550 2465 583 2516 et
610 2452 799 2516 mansiones
827 2470 901 2516 suas
927 2453 1064 2542 abipso
1089 2467 1122 2519 et
1142 2456 1241 2520 Flan-

117 2554 299 2620 drensihus
317 2566 394 2618 sunt
415 2553 572 2619 restituti.

163 2660 205 2722 Et
227 2656 413 2734 sciendum,
438 2656 529 2745 quod
555 2681 616 2744 per
639 2669 745 2721 totum
774 2670 906 2746 tempus
934 2660 1148 2746 preteritum,
1177 2684 1243 2752 qno

117 2759 287 2848 Flamingl
306 2781 380 2823 cnm
405 2783 484 2848 rege
510 2761 725 2849 guerrabant‚
748 2783 822 2824 cum
840 2760 981 2824 maximo
1005 2783 1122 2840 onere,
1153 2764 1243 2851 quod

117 2861 345 2938 sustinebant,
370 2885 502 2948 semper
519 2863 668 2950 oportuit
686 2861 779 2927 littus
799 2864 974 2943 marinum,
992 2889 1107 2930 versus
1127 2865 1245 2932 Zelan·

118 2963 208 3028 diam
224 2977 257 3027 et
273 2962 495 3041 llollandiam,
514 2963 627 3028 multis
647 2963 726 3028 viris
747 2967 881 3030 armatis
900 2989 973 3031 esse
989 2970 1215 3056 premunitum
1236 2995 1242 3034 :

118 3065 271 3154 alioquin
300 3065 524 3131 Zelaudenses
551 3079 583 3130 et
618 3067 873 3149 Hollaudenses,
905 3069 963 3158 qui
991 3071 1128 3137 subditi
1151 3085 1247 3138 erant

119 3168 238 3234 comiti
258 3169 414 3247 iohanni,
437 3168 633 3258 gravissime
649 3168 875 3236 infestassent.

165 3274 204 3336 ln
231 3294 345 3334 mense
363 3270 464 3349 Maio,
488 3272 578 3336 venit
601 3271 792 3360 Philippus,
822 3274 935 3362 junior
959 3274 1046 3340 filius
1081 3276 1246 3343 Guidonia
1335 3264 1336 3268 Ἰ

120 3374 256 3438 esuritis
277 3397 317 3438 ex
340 3373 448 3461 prima
469 3398 582 3452 uxore,
601 3373 641 3439 de
660 3374 754 3440 ltalia
774 3399 848 3440 cum
870 3400 970 3442 uxore
987 3403 1057 3457 sua,
1078 3380 1246 3446 eomitissa

121 3476 267 3540 duorum
287 3475 540 3556 comitatuum3,
565 3475 660 3540 miles
680 3477 775 3541 fortis
791 3502 931 3566 corpore
950 3493 982 3544 et
1002 3481 1247 3570 imperterritus

121 3577 240 3656 eorde,
269 3591 492 3668 receptusque
519 3592 569 3642 est
589 3603 606 3642 a
630 3579 894 3645 Flandrensihus
910 3606 971 3669 pro
988 3582 1153 3673 principe,
1172 3583 1248 3676 quis

122 3679 240 3746 senior
258 3693 329 3744 erat
342 3681 492 3746 iohanne
509 3693 542 3746 et
558 3679 725 3749 Gnidune.

162 3781 268 3848 'Circa
286 3783 490 3874 principium
513 3783 602 3861 tulii,
639 3783 830 3874 Philippus,
867 3787 1047 3868 lohannes,
1077 3791 1189 3856 Guido
1219 3805 1251 3858 et

119 3884 342 3960 Wilhelmus,
367 3898 539 3950 contracto
572 3885 710 3973 copioso
737 3887 883 3952 exercitu
909 3889 950 3954 de
975 3903 1043 3956 tuta
1078 3893 1248 3975 Flandria,

154 4158 178 4206 l.
199 4160 252 4208 Gui
264 4159 412 4216 d‘hvasnes‚
432 4164 536 4208 nomme
548 4163 645 4224 evtque
659 4160 795 4209 d’Utrecht
807 4164 831 4211 le
843 4167 873 4212 25
887 4166 951 4212 fe'vr.
963 4167 1032 4214 1302.

154 4224 178 4269 2.
198 4223 237 4270 La
254 4223 365 4270 Flandre
386 4222 533 4286 impe'riale,
552 4223 718 4272 e'est-a-dire
734 4226 761 4272 la
776 4227 862 4288 partie
881 4227 912 4274 de
929 4229 955 4276 la
973 4225 1085 4277 Flaudre
1099 4227 1151 4280 else
1167 4247 1212 4280 sur
1226 4235 1252 4282 la

123 4284 182 4332 rive
196 4284 284 4332 droite
300 4284 331 4332 de
344 4285 467 4332 l'Eseaut.

155 4349 179 4397 3.
200 4348 251 4394 Les
264 4350 361 4394 comtes
375 4347 406 4394 de
419 4348 522 4395 Thiette
534 4354 561 4395 et
572 4347 604 4394 de
617 4349 747 4398 Laurette.
