3154 5190
110 432 174 480 130³
492 432 641 482 ANNALES
659 433 854 483 GANDENSES
1202 435 1232 482 45

110 549 206 614 catis.
233 550 433 618 Wilhelmus
456 562 565 619 autem
589 573 664 614 cum
689 563 760 615 toto
784 549 933 616 exercitu
954 573 1013 614 suo
1033 551 1125 637 juxta
1149 553 1233 616 Sun-

109 651 443 718 ctum-Audomurum
459 651 561 730 venit,
572 676 610 718 ac
626 665 696 717 tota
708 650 1028 739 noctejuxtavillam
1045 675 1118 716 cum
1131 649 1231 716 armis

108 764 144 817 et
159 753 266 843 signis
282 754 412 819 bellicis
427 756 625 842 persistens,
648 755 728 820 seria
746 768 837 820 sexta
854 755 887 818 in
904 757 1087 820 Parasceuc
1098 755 1122 834 ¹,
1140 754 1232 820 nullo

106 869 292 944 apparente
319 856 360 920 dc
389 856 543 922 hostibus
575 859 632 947 qui
660 881 772 923 secum
799 856 949 947 affligere
980 856 1120 936 vellent,
1152 855 1232 922 inde

110 958 282 1023 recessitl.
303 959 378 1046 lpse
394 957 482 1024 enirn
498 959 540 1024 de
560 958 678 1050 gratiis
694 956 763 1023 suis
779 957 844 1023 sibi
862 983 879 1022 a
901 960 971 1024 Deo
991 956 1127 1046 copiose
1146 957 1233 1022 datis

108 1098 154 1130 .-
175 1072 246 1124 erat
274 1060 362 1124 enim
392 1060 638 1148 pulcherrimus
656 1060 788 1150 juvenis
825 1073 859 1125 et
894 1059 1027 1126 maximi
1059 1058 1170 1124 cordis
1200 1071 1233 1124 et

107 1162 274 1228 facundus
293 1161 377 1229 etin
396 1163 549 1252 plurimis
569 1176 698 1230 astutus
712 1201 756 1214 —
773 1163 926 1252 ingratus
950 1176 984 1228 et
1002 1161 1142 1228 honoris
1166 1157 1231 1226 sibi

106 1289 126 1328 a
149 1267 220 1330 Deo
238 1265 273 1329 in
298 1263 435 1330 victoria
458 1266 602 1330 hostium
624 1290 759 1332 suorum
777 1265 890 1331 collati
913 1263 1051 1342 oblitus,
1071 1263 1232 1330 demones

109 1481 220 1535 torum
237 1481 270 1534 et
288 1467 624 1560 flagitiosissimorum
645 1470 818 1534 hominum
840 1468 975 1536 servitio
995 1483 1029 1536 et
1043 1469 1184 1536 consilio
1199 1482 1234 1534 et

110 1570 256 1638 amicitia
277 1573 444 1650 utebatur,
470 1574 661 1638 innumeras
690 1573 851 1662 pecunias
877 1585 911 1638 et
932 1571 1067 1639 divitias
1091 1571 1234 1662 prodige

111 1686 145 1739 et
165 1674 299 1740 incaute
319 1674 525 1763 expendens,
549 1698 614 1742 non
634 1699 767 1753 curans,
794 1675 953 1764 aquibus
972 1698 1028 1741 eas
1050 1688 1185 1764 raperet
1201 1662 1239 1740 et

111 1788 340 1867 extorquerct;
359 1777 446 1842 unde
472 1791 509 1842 ut
531 1776 675 1855 videtur,
693 1780 785 1865 justo
807 1778 869 1843 Dei
885 1777 1026 1865 judicic,
1053 1791 1233 1867 numquam

111 1893 190 1967 post
216 1880 338 1944 bellum
367 1881 589 1946 Curtraoense
616 1880 649 1946 iu
671 1880 782 1969 aliquo
804 1880 894 1946 bello
917 1880 970 1946 vel
990 1879 1127 1972 negotio
1147 1881 1233 1946 bene

112 1983 388 2070 prosperabatur.

157 2085 277 2149 Statim
293 2097 371 2173 pust
390 2084 652 2152 destructionem
667 2085 744 2152 ville
756 2086 980 2165 Lessinensis,
997 2085 1040 2151 de
1055 2109 1118 2174 qua
1133 2107 1232 2174 supra

110 2187 238 2251 dictum
259 2200 322 2266 est,
344 2187 512 2252 lohannes
532 2200 566 2254 ct
585 2187 696 2254 Guido
717 2213 816 2254 naves
837 2188 975 2254 bellicas
1002 2201 1036 2254 ct
1050 2188 1233 2255 exercitum
1267 2191 1273 2202 “

112 2313 269 2380 magnum
285 2292 364 2354 .Ι.,Χ.
382 2289 522 2354 millium
538 2290 713 2356 hominum
732 2289 936 2357 industrium
951 2290 986 2356 in
1002 2290 1092 2357 bello
1110 2289 1231 2370 navali,

144 2540 165 2587 l.
185 2539 243 2587 teo
256 2538 325 2587 avril
337 2541 407 2587 130³.
880 2575 896 2600 ,

129 2603 166 2649 ¹2.
185 2602 219 2650 ba
238 2601 383 2666 chronique
403 2601 547 2650 arte'sienoe
562 2601 609 2648 tait
626 2602 658 2648 de
672 2607 738 2649 cette
750 2618 780 2649 ex
801 2601 899 2650 edition
912 2604 936 2652 le
951 2603 1016 2652 recia.
1028 2603 1152 2654 suivant:
1168 2623 1180 2654 u
1198 2607 1235 2656 Or

110 2661 184 2712 avint
209 2681 249 2721 ue,
259 2669 364 2712 entrues
373 2680 423 2727 que
431 2663 503 2712 cbele
511 2663 644 2711 hosestoit
654 2665 745 2738 Imque
784 2663 943 2713 illaumesde
951 2667 1039 2714 Julers
1050 2666 1235 2717 avaitassanld

110 2681 219 2776 tontole
236 2733 298 2800 gent
315 2727 379 2790 qu’il
395 2726 469 2790 pouit
485 2743 499 2774 a
516 2726 607 2773 chsval
621 2732 741 2788 stuprat
754 2731 780 2773 et
797 2727 930 2775 s'estcient
943 2727 1006 2776 trait
1017 2743 1077 2776 vers
1088 2729 1195 2794 berges,
1209 2739 1236 2780 et

110 2789 150 2836 les
161 2789 307 2853 priscrt-on
320 2805 335 2836 a
347 2789 433 2851 .itijxx.
446 2788 492 2836 mil
505 2789 622 2836 hommes
636 2788 667 2836 de
679 2788 742 2852 piet.
755 2795 780 2836 et
793 2804 821 2836 se
837 2789 948 2837 traisent
959 2806 974 2838 a
986 2790 1061 2840 venir
1074 2807 1133 2840 vers
1145 2794 1234 2844 Saint-

110 2847 201 2914 Ome'r,
222 2857 247 2899 et
261 2851 309 2900 che
329 2852 356 2898 tu
368 2867 399 2899 en
413 2850 438 2901 le
455 2867 570 2914 peneuse
589 2849 722 2898 semalnne
742 2849 793 2897 l'an
812 2851 854 2898 Μ.
869 2849 908 2914 iijr
922 2857 947 2899 st
967 2851 1004 2915 ij.
1022 2869 1079 2909 ans,
1093 2860 1119 2902 et
1131 2855 1235 2904 vincent

110 2913 191 2964 tressi
201 2930 216 2961 a
229 2915 320 2971 Arkes,
331 2919 358 2962 et
369 2913 395 2960 la
401 2914 419 2960 il
430 2920 534 2961 tuerent
543 2927 594 2960 aa.
605 2913 699 2961 bidaus
712 2913 756 2976 qui
770 2913 905 2962 estcieutd
919 2915 1001 2962 Arkcs
1011 2929 1042 2963 en
1052 2916 1189 2979 gar-uisos.
1203 2921 1236 2968 nt

110 2975 196 3024 udone
210 2981 268 3024 seut
282 2975 392 3025 mesires
411 2974 490 3024 Jakes
506 2976 537 3023 de
557 2975 672 3022 Baionne
686 2991 737 3038 quc
753 2973 772 3022 li
789 2975 891 3024 ennemi
909 2975 1020 3024 estcient
1030 2981 1092 3041 pres
1107 2979 1138 3026 de
1151 2981 1236 3029 Saint-

110 3039 199 3094 Omer.
209 3046 235 3086 et
241 3037 289 3086 ebe
302 3038 321 3086 li
333 3039 392 3086 vint
402 3037 459 3086 dire
472 3037 581 3085 mesires
593 3038 625 3085 dc
636 3037 832 3085 SaintVenant.
845 3039 877 3085 Et
889 3038 969 3086 adcnt
981 3055 1009 3086 se
1021 3039 1122 3088 cria-cn
1135 3043 1234 3092 alurrm

110 3107 137 3148 et
148 3100 257 3149 issirent
267 3101 328 3149 bien
337 3117 352 3148 a
362 3099 433 3162 avj‘.
443 3115 562 3148 armates
575 3099 607 3146 de
620 3101 667 3157 fer,
681 3105 706 3148 et
714 3105 801 3148 tontes
811 3101 850 3148 lcs
862 3107 925 3164 gent
934 3101 965 3150 de
975 3101 1030 3175 piet
1039 3103 1085 3166 qui
1096 3121 1176 3154 avoec
1186 3095 1234 3154 aus

110 3163 223 3211 estoient
235 3163 382 3212 setraisent
393 3167 533 3210 tuntcstau
542 3161 648 3225 waning
660 3167 686 3210 et
697 3161 853 3210 n¹aidierent
865 3162 939 3226 point
949 3163 1040 3212 chiaus
1049 3181 1064 3212 a
1072 3165 1158 3215 keral.
1168 3169 1235 3216 Seur

110 3225 179 3274 cheu
194 3241 243 3276 nos
254 3243 320 3289 gens
333 3227 391 3274 leur
407 3231 549 3274 cousus-snt
560 3240 606 3274 sus
619 3232 645 3272 et
657 3232 748 3274 curent
759 3225 869 3273 victoire
883 3239 898 3273 a
910 3225 994 3289 l’ayve
1006 3226 1038 3276 de
1052 3227 1124 3277 Dieu.
1138 3229 1171 3277 Et
1183 3231 1205 3278 si
1217 3245 1235 3293 y

110 3295 155 3336 eut
167 3288 198 3336 de
211 3288 333 3336 Flamens
352 3303 424 3336 mors
446 3287 505 3335 bien
524 3287 613 3350 ,κη’-η
625 3291 651 3334 et
664 3287 696 3334 de
707 3303 755 3334 nos
772 3303 837 3351 gens
857 3304 888 3336 en
903 3305 920 3351 y
934 3294 979 3336 eut
991 3289 1049 3337 bien
1069 3291 1095 3338 .1.
1114 3307 1185 3340 mors
1202 3292 1234 3340 dc

108 3349 203 3398 chiaus
215 3351 247 3399 de
269 3349 444 3406 Sciat-Omen
464 3347 530 3397 mais
550 3350 596 3398 des
609 3355 712 3397 nostres
732 3348 766 3396 n'i
783 3356 828 3397 eut
847 3356 917 3398 mort
935 3366 1066 3425 personne
1078 3352 1123 3416 qui
1137 3354 1191 3402 rust
1202 3355 1234 3402 de

110 3429 181 3472 nom,
195 3429 227 3461 ne
242 3413 314 3460 aussi
329 3413 363 3461 n'i
379 3411 459 3460 eut·il
471 3412 503 3462 de
517 3411 609 3460 chiaus
620 3410 652 3458 de
665 3411 724 3460 dela
741 3413 795 3458 turs
808 3427 873 3474 gens
886 3428 901 3460 a
914 3419 978 3476 pret.
993 3415 1026 3462 Et
1041 3415 1069 3462 la
1079 3415 1157 3465 estoit
1170 3417 1235 3466 wil-

109 3476 213 3524 laumes
226 3475 257 3522 de
271 3475 361 3523 Julers
380 3491 412 3521 en
435 3490 484 3521 une
499 3480 574 3522 autre
592 3481 675 3531 route,
698 3480 724 3521 ct
740 3473 819 3521 estoit
832 3473 977 3523 descendas
990 3493 1005 3524 a
1018 3475 1072 3540 pict
1090 3484 1116 3526 et
1133 3495 1160 3526 se
1173 3479 1236 3527 mist

109 3553 190 3586 avoco
203 3540 241 3586 les
253 3537 385 3595 Flamens,
398 3543 425 3584 et
442 3539 468 3583 lu
481 3552 523 3584 sss
542 3538 656 3584 cherane
671 3535 727 3599 pris
739 3536 772 3583 de
783 3543 891 3598 nogent
902 3541 1042 3596 enarres,
1055 3545 1080 3587 et
1092 3541 1164 3588 avoit
1179 3546 1237 3589 tant

110 3601 142 3647 de
155 3602 217 3664 pule
234 3617 249 3648 a
265 3600 321 3665 piet
336 3606 430 3648 cntour
444 3599 482 3646 lui
496 3599 558 3662 qu'il
578 3599 711 3646 s'estcient
726 3597 747 3645 si
770 3600 826 3645 feru
843 3601 951 3648 ensunle
970 3608 995 3649 et
1009 3601 1120 3650 cstoient
1137 3603 1159 3650 si
1178 3607 1236 3652 scre

109 3678 230 3774 tttttt
243 3679 324 3773 tt?
347 3661 400 3772 ‘tt
414 3660 708 3772 {lillis‘lll‘llissl
722 3661 792 3770 tt?
802 3661 1236 3776 ttsttttt‘ttttfflttt“tet

110 3787 214 3836 laumes
236 3787 267 3835 de
286 3741 374 3836 Jdldlu
392 3785 470 3834 estoit
486 3791 512 3834 et
529 3787 615 3834 iurent
636 3785 657 3832 si
682 3740 743 3848 petiis
763 3785 781 3835 li
799 3801 849 3832 uns
869 3786 901 3833 da
918 3787 1011 3836 l'autse
1027 3789 1090 3852 quil
1102 3790 1236 3863 parlerent

110 3850 228 3912 enssnle,
242 3856 267 3898 ct
281 3850 408 3898 demoura
423 3848 575 3896 Willaumes
588 3848 619 3895 de
629 3847 717 3896 Julers
731 3863 761 3894 en
776 3846 849 3895 cbele
864 3847 972 3897 bataille
988 3847 1033 3914 qui
1046 3857 1124 3900 estoit
1137 3852 1158 3900 si
1172 3853 1236 3900 drus

111 3918 136 3960 et
149 3913 171 3959 si
181 3927 288 3976 capesse
309 3927 355 3960 ens
373 3927 390 3959 u
407 3927 494 3974 camp.
508 3911 541 3958 Et
552 3910 626 3958 aussi
639 3907 770 3958 belement
782 3927 833 3974 que
846 3926 893 3958 nos
906 3911 1088 3975 gensissirsnt
1100 3914 1132 3962 de
1145 3915 1235 3964 Saint-

110 3974 190 4023 Omer
202 3974 274 4023 aussi
285 3973 417 4023 belement
426 3974 445 4020 il
457 3989 484 4020 se
497 3972 636 4020 retsuisent
647 3971 745 4020 arrierc
758 3978 783 4020 et
794 3972 976 4036 waagnierent
988 3975 1072 4025 moult
1083 3975 1191 4026 d’avoir.
1203 3979 1237 4026 Et

111 4055 125 4084 a
138 4037 212 4085 chele
225 4037 333 4085 bataille
349 4039 436 4084 iurent
449 4035 480 4083 de
498 4052 531 4082 nc
544 4040 606 4097 gent
618 4034 726 4082 mesires
737 4033 857 4082 Jalsesde
870 4035 995 4095 Balenae,
1009 4037 1027 4084 li
1037 4037 1090 4086 sire
1102 4039 1133 4086 de
1146 4039 1235 4088 Saint-

111 4101 221 4157 Venant,
235 4097 253 4147 li
264 4100 317 4148 sire
328 4099 361 4148 de
376 4097 598 4152 Hamclaincuurt,
610 4095 835 4155 mestrestehans,
847 4097 987 4146 castelains
996 4099 1027 4148 de
1035 4101 1111 4160 Lens,
1126 4101 1235 4150 mesires

110 4161 184 4212 Miles
195 4163 227 4210 de
239 4159 532 4218 Noiers,ms1·escbiaus
542 4160 574 4207 de
587 4159 718 4212 Frauchc.
731 4164 757 4207 et
775 4161 847 4208 mout
862 4159 977 4208 d'autres
995 4163 1199 4226 gentilbommes
1209 4171 1235 4212 et

110 4225 142 4335 pe
154 4225 232 4273 boine
248 4232 311 4290 gent
328 4225 374 4336 pai
390 4224 503 4274 estoient
515 4239 544 4270 as
559 4238 649 4286 weges
664 4221 688 4270 le
706 4223 794 4284 llcy.u
811 4221 880 4270 Bibl.
895 4239 950 4286 rcy.
971 4223 1002 4272 dc
1024 4225 1168 4285 Bruxellss‚
1183 4243 1233 4278 ms.

125 4289 251 4346 ‘affl-bl,
266 4289 329 4337 ΗΟ
354 4297 388 4337 τ’.
