3154 5190
376 439 405 495 '⁵0
755 441 905 502 lnnntts
922 441 1117 504 cannnnsns
1440 447 1500 508 tana

374 580 452 631 sunt
471 567 578 633 valde.
608 571 644 634 ln
670 583 812 658 utroque
837 570 941 659 igitur
967 566 1056 662 bello
1087 573 1190 638 multo
1220 574 1334 663 plures
1359 575 1501 640 Hcllan-

374 665 496 750 denses
520 684 553 736 et
577 671 800 736 Zelandenses
831 671 973 737 luissent
997 675 1099 740 occisi
1127 689 1159 740 et
1189 677 1295 764 capti,
1327 676 1393 741 nisi
1422 679 1500 742 talis

372 781 469 838 'casus
480 773 670 840 accidisset.
691 775 859 856 lohannes
878 778 1115 843 Namurcensis
1129 780 1164 842 in
1180 792 1300 844 neutro
1318 781 1378 844 luit
1392 781 1498 860 bello,

372 877 414 942 de
430 903 495 966 qno
515 878 609 942 valde
625 877 744 942 doluit.
762 879 920 962 lucebant
932 881 1020 944 enim
1038 905 1137 970 naves
1149 875 1207 947 sue
1228 896 1356 948 remote
1373 907 1391 948 a
1408 897 1500 948 terra

372 981 477 1071 magis
502 1005 599 1070 quam
623 979 769 1057 illorum,
797 981 857 1070 qui
894 1005 968 1046 cum
1002 982 1156 1048 hostibus
1185 967 1398 1072 pugnabant,
1437 987 1499 1050 sed

369 1083 510 1149 {audiens
536 1107 613 1148 suos
643 1107 719 1166 cum
747 1083 892 1148 inimicis
918 1084 1067 1172 prelium,
1094 1081 1248 1172 velocius
1270 1111 1337 1176 quo
1364 1089 1496 1176 potuit,

370 1190 493 1251 'terram
510 1185 671 1270 ascendit.
1106 1270 1109 1276 Ι
1313 1274 1316 1280 ¹

368 1292 373 1303 '
414 1291 494 1354 Post
519 1288 688 1377 predictas
709 1288 791 1353 duas
814 1288 988 1368 victorias,
1012 1290 1123 1355 Gnido
1145 1291 1256 1355 villam
1280 1293 1497 1357 Middelbur-

368 1415 506 1484 gensem
523 1392 682 1471 munitam
699 1390 805 1471 valde,
830 1392 926 1456 sitam
944 1393 977 1455 in
996 1393 1123 1481 prelata
1146 1393 1268 1471 insula,
1292 1405 1326 1458 et
1350 1394 1497 1462 Wilhel-

369 1519 457 1568 mum
487 1508 663 1585 cognatum
688 1518 802 1571 suum,
834 1495 999 1559 seniorem
1026 1494 1131 1559 filium
1155 1496 1330 1574 lobannis,
1357 1498 1495 1562 comitis

367 1597 518 1662 Hanonie
554 1610 587 1661 et
616 1595 809 1675 Hollandie,
846 1599 1042 1661 existentem
1079 1599 1112 1662 in
1147 1597 1264 1663 eadem
1304 1598 1379 1662 villa
1415 1623 1494 1664 cnm

367 1701 479 1765 multis
493 1697 797 1778 Hollandensibus‚'
821 1699 965 1765 obsedit.
995 1702 1098 1764 Erant
1121 1701 1210 1764 enim
1229 1714 1324 1788 pater
1343 1701 1494 1789 predicti

364 1801 536 1870 Wilhelmi
558 1815 592 1866 et
612 1801 740 1880 Guido,
760 1800 819 1864 filii
841 1801 981 1866 dno'rnm
999 1802 1153 1879 fratrum,
1172 1815 1205 1866 et
1225 1802 1336 1867 Guido
1354 1816 1384 1867 et
1402 1804 1492 1871 Wil-

364 1905 495 1981 helmus
518 1904 578 1968 lilii
602 1904 742 1969 duarum
769 1927 932 1980 sororum,
964 1915 997 1968 et
1021 1917 1132 1968 tamen
1158 1903 1235 1968 odia
1258 1917 1291 1968 et
1314 1905 1419 1994 prelia
1443 1907 1492 1970 sic

363 2007 632 2086 cru'dcliaerant
655 2007 741 2070 inter
774 2031 843 2070 eos.
877 2008 981 2088 Quam
1005 2005 1115 2070 villam
1144 2030 1217 2070 cnm
1243 2020 1311 2071 tota
1337 2019 1427 2100 terra
1460 2023 1492 2073 et

362 2109 482 2174 insulis
509 2109 679 2185 Zelandie‚
702 2133 767 2197 que
790 2109 830 2171 ab
858 2108 1006 2197 antiquis
1035 2109 1245 2197 temporibus
1270 2110 1491 2175 acomitibus

361 2212 518 2277 Flandrie
540 2213 694 2277 solebant
710 2210 835 2289 teneri,
858 2211 969 2276 Gnido
989 2211 1074 2275 infra
1095 2225 1170 2276 octo
1195 2212 1246 2276 vel
1272 2211 1388 2276 decem
1413 2213 1490 2279 dies

361 2315 518 2391 obtinuit,
542 2336 578 2376 ea
600 2312 809 2389 conditione,
827 2313 916 2400 quod
933 2313 1135 2380 Wilhelmus
1158 2312 1263 2377 libere
1284 2314 1391 2378 exiret
1410 2339 1488 2380 cum

359 2417 514 2482 omnibus
528 2414 717 2479 volentibus
737 2439 811 2480 enm
829 2415 1059 2493 concomitari,
1078 2415 1166 2480 unde
1182 2429 1215 2480 et
1230 2417 1339 2503 ipsum
1356 2431 1488 2483 tet-suos

355 2522 448 2608 juxta
467 2518 578 2584 villam
596 2517 638 2597 de
655 2517 801 2583 Ziericze
822 2515 933 2604 Guido
957 2516 1192 2602 cum-navibus
1210 2517 1359 2584 deduxit.
1379 2521 1487 2585 luita-

358 2646 422 2712 qne
447 2633 499 2684 est
533 2619 645 2708 itaque
675 2633 750 2709 post
787 2621 906 2710 longas
936 2620 1209 2684 concertaciones
1240 2633 1357 2710 treuga
1396 2622 1486 2686 inter

357 2725 555 2801 lohannem‚
589 2723 743 2786 comitem
774 2721 965 2799 Hollandie,
1003 2735 1036 2786 et
1068 2721 1270 2801 Guidonem‚
1308 2722 1482 2788 dominum

357 2825 526 2903 Zelandie,
547 2827 621 2904 'hoc
646 2838 757 2913 pacto,
792 2825 881 2912 qnod
909 2824 1141 2912 unusquisque
1169 2823 1317 2912 ipsorum
1341 2838 1479 2903 terram,

357 2953 454 3016 quam
482 2927 766 3008 tenebatlibere
791 2940 823 2990 et
855 2926 965 3014 quiete
987 2927 1193 3014 possideret;
1219 2940 1251 2990 et
1273 2928 1365 3018 quod
1391 2928 1480 2993 dicta

355 3045 472 3121 treuga
492 3031 579 3095 inter
601 3054 658 3094 eos
678 3028 816 3093 duraret
835 3053 895 3116 per
911 3028 999 3114 'duos
1016 3053 1160 3106 menses,
1183 3039 1360 3117 postquam
1383 3030 1479 3094 alteri

358 3159 470 3198 eorum
488 3132 591 3222 ipsam
614 3132 762 3220 placeret
778 3155 934 3195 revocare
946 3131 968 3197 ¹.

399 3235 475 3302 Filii
497 3235 600 3324 igitur
614 3246 646 3297 et
667 3233 800 3324 cognati
816 3246 849 3297 et
867 3233 963 3296 amici
981 3232 1159 3310 Wnll'ardi,
1175 3233 1253 3298 dolo
1274 3255 1291 3297 a
1311 3234 1477 3312 lubomir,

354 3337 474 3403 comite
496 3335 659 3414 Hanunie,
680 3348 793 3424 postea
815 3335 915 3399 etiam
931 3335 1118 3413 Hollandie‚
1141 3337 1255 3416 occisi,
1277 3350 1354 3425 post
1370 3337 1478 3424 ipsius

354 3454 386 3505 et
401 3439 569 3504 domicelli
582 3438 642 3518 sui,
661 3437 789 3502 scilicet
800 3436 960 3502 lobannis
972 3437 1116 3524 juvenis,
1137 3437 1268 3502 comitis
1285 3439 1475 3518 Hollandie,

354 3555 494 3606 mortem
514 3540 614 3604 —de
636 3541 757 3628 quibus
779 3563 877 3628 supra
899 3538 1023 3603 dictum
1042 3553 1104 3622 est,
1125 3579 1170 3589 -
1189 3525 1336 3630 gravitdr
1354 3541 1475 3606 cilensi

352 3657 384 3709 et
405 3644 516 3708 cordis
532 3642 609 3707 tacti
630 3643 758 3722 dolore,
780 3642 891 3729 aliquo
909 3654 1061 3729 tempore
1077 3655 1151 3708 cu'm
1170 3645 1333 3723 lobnam,
1352 3645 1475 3710 comite
1557 3699 1558 3727 p

382 3935 404 3981 1.
423 3935 531 3996 D'aprbs
554 3933 577 3981 le
596 3931 772 3994 cbroniquenr
793 3932 942 3980 hollandais
961 3932 1034 3981 Melie
1059 3933 1152 3991 Stclre,
1176 3933 1202 3982 la
1219 3935 1291 3982 treve
1309 3933 1397 3985 deruit
1418 3939 1472 3983 ttre

350 3997 480 4044 denonce'e
499 4002 591 4060 quatre
618 3995 684 4044 mois
705 3998 720 4041 ὰ
738 3995 864 4042 l’avunce.
885 3996 906 4042 Il
926 3995 1018 4044 ttublit
1036 3999 1178 4042 nettement
1200 3998 1286 4060 quelle
1307 3999 1382 4052 e'tait,
1405 4001 1420 4044 d
1442 4015 1471 4044 ce

350 4065 472 4112 moment,
487 4057 513 4106 lu
525 4057 640 4121 position
655 4055 800 4122 respective
812 4057 857 4104 des
872 4057 938 4105 deux
951 4057 1035 4122 partis
1050 4073 1055 4104 ι
1071 4071 1085 4104 a
1098 4058 1135 4105 La
1147 4058 1208 4122 paix
1221 4075 1249 4106 se
1262 4061 1298 4106 fit.
1318 4059 1427 4124 D'aprbs
1441 4077 1470 4107 ce

349 4139 398 4187 qne
410 4121 453 4184 j'ui
466 4121 587 4178 entendu,
599 4121 617 4167 il
632 4122 670 4167 lut
680 4119 839 4184 loyalement
850 4137 966 4168 convena
978 4119 1072 4184 qu'elle
1082 4118 1200 4168 durerait
1210 4127 1303 4183 quatre
1313 4122 1378 4169 moia
1391 4125 1469 4185 apres

349 4185 426 4250 qn'on
444 4184 548 4232 l'aurait
564 4183 703 4230 'denoncec
722 4183 831 4230 Messlre
850 4182 900 4230 uui
920 4183 990 4229 aruit
1008 4198 1076 4245 pour
1090 4199 1120 4230 su
1139 4191 1200 4257 part
1215 4189 1285 4230 toute
1304 4185 1330 4230 la
1348 4185 1466 4241 Ztlande,
1554 4201 1555 4206 ¹

345 4247 451 4312 jusqu'b
462 4248 489 4294 ln
502 4247 602 4303 Mense,
621 4252 646 4292 et
658 4245 682 4292 le
694 4251 778 4292 comte
796 4246 944 4292 conservait
957 4261 986 4292 sa
1000 4246 1063 4292 ville
1079 4246 1112 4294 dc
1124 4248 1259 4304 Zremum,
1276 4263 1336 4294 sans
1347 4247 1466 4312 pouvolr,

347 4310 501 4375 captandam,
516 4315 670 4372 augmenter
683 4325 724 4355 ses
736 4308 928 4356 fortifications.
940 4325 952 4354 n
967 4307 1021 4356 Lir.
1036 4308 1077 4355 IV.
