3154 5190
353 460 385 516 aa
735 455 883 520 thuanus
902 457 1097 521 oaannnsns
1415 457 1482 520 raca

354 585 474 650 denses
508 609 582 651 cum
617 588 664 652 eis
698 587 822 652 bellum
864 587 1085 667 committere,
1122 587 1212 674 qnod
1250 587 1481 653 Flandrenses

352 687 575 754 libentissime
594 689 769 768 vidissent,
792 691 920 757 nollent
944 690 1167 756 :necessitate
1185 689 1364 778 compulsi,
1386 691 1480 754 salva

351 788 417 854 vita
435 804 469 855 et
485 790 655 870 membris,
671 793 864 872 Wilhelmo,
884 794 952 858 filio
964 793 1096 858 comitis
1112 792 1274 858 Johannis
1290 806 1323 858 et
1338 793 1481 857 Hollan-

352 891 513 958 densibus
534 919 569 958 se
585 894 817 974 tradiderunt;
840 895 897 984 qui
914 920 970 960 eos
986 895 1210 984 suscipientes
1229 908 1262 960 et
1282 897 1316 960 in
1332 895 1482 960 diversis

351 998 468 1061 castris
489 1009 522 1061 ct
548 997 631 1062 locis
658 997 762 1062 firmis
794 999 997 1063 collocantes
1032 997 1066 1062 in
1100 997 1248 1086 prisione
1280 998 1479 1063 crudelius¹

351 1122 448 1187 qnam
465 1099 952 1164 credideranttractaverunt2.

394 1203 505 1267 Guido
520 1215 628 1267 autem
645 1203 679 1266 in
696 1203 788 1268 brevi
807 1217 884 1292 post
898 1202 1024 1276 dictum
1042 1201 1166 1267 bellum
1186 1201 1219 1266 in
1235 1205 1410 1270 Franciam
1430 1204 1481 1268 ab

349 1305 534 1369 admiraldo
546 1329 619 1370 cum
631 1305 767 1395 galeriis
780 1330 841 1395 pcr
857 1330 945 1370 mare
962 1305 1034 1394 regi
1050 1303 1200 1392 captivus
1221 1305 1386 1371 adductus
1406 1320 1477 1372 est.

349 1409 419 1472 Hoc
434 1409 571 1472 verbum
587 1407 782 1496 philosophi
799 1421 832 1474 ct
852 1408 885 1472 in
902 1409 966 1473 hoc
982 1409 1069 1472 sacto
1083 1407 1170 1472 bene
1183 1422 1234 1473 cst
1252 1410 1478 1485 verificatum‚

348 1510 491 1576 dicentis
510 1536 516 1574 :
535 1513 676 1576 Iuvenes
696 1535 789 1576 uerno
806 1512 897 1600 eligit
907 1515 941 1575 in
961 1511 1073 1594 duces,
1091 1533 1128 1574 co
1144 1513 1233 1600 quod
1253 1535 1317 1575 non
1343 1526 1482 1575 constat

347 1639 401 1678 cos
421 1638 489 1679 esse
503 1614 693 1702 prudentes.
711 1615 894 1678 Prudentia
907 1613 1009 1692 enim,
1030 1637 1094 1702 que
1112 1612 1216 1677 virtus
1233 1627 1285 1678 est
1302 1627 1335 1678 et
1350 1614 1478 1690 forma,

348 1716 415 1781 sive
434 1717 535 1782 decor
556 1717 730 1781 moralium
743 1715 916 1794 virtutum,
941 1716 1208 1806 magnanimitati
1228 1729 1262 1781 et
1282 1716 1480 1783 fortitudini

347 1818 512 1885 Gnidonis
528 1818 562 1883 in
581 1817 688 1882 tribus
703 1818 839 1897 defecit,
859 1818 945 1882 sicut
960 1818 1073 1883 multis
1090 1830 1124 1882 et
1141 1818 1222 1882 mihi
1240 1818 1355 1884 itidem
1378 1817 1479 1884 vide·

346 1922 445 1985 batur
468 1920 602 2010 :primo
621 1922 655 1984 in
676 1921 752 2000 hoc,
780 1921 870 2010 qnod
896 1921 1065 1985 lohannes
1091 1920 1193 1984 frater
1216 1943 1294 1986 suns
1318 1934 1351 1984 et
1376 1921 1477 2008 ipse,

346 2047 420 2088 cum
441 2023 597 2088 audirent
616 2035 682 2087 tarn
701 2035 874 2110 potentem
902 2046 1031 2112 regem,
1056 2021 1142 2086 sicut
1166 2045 1222 2087 rex
1240 2035 1290 2087 est
1311 2023 1477 2102 Francia,

345 2149 459 2192 versus
479 2125 670 2192 Flandriam
687 2125 816 2204 venire,
840 2137 873 2189 et
892 2137 1026 2214 treugas
1045 2147 1120 2189 cum
1135 2124 1318 2193 Wilhelmo
1338 2137 1369 2189 et
1387 2127 1478 2190 llol-

345 2228 564 2295 landensibus
604 2228 645 2292 ad
669 2240 801 2316 tempus
831 2228 911 2292 satis
942 2227 1079 2316 longum
1110 2228 1236 2292 habere
1265 2228 1476 2315 potuissent,

345 2332 434 2422 quod
453 2356 508 2396 eas
529 2355 595 2396 non
619 2330 786 2409 inierunt3
807 2355 872 2395 non
896 2342 947 2394 est
971 2330 1059 2392 enim
1079 2343 1199 2417 potens
1220 2353 1277 2394 rex
1300 2329 1350 2394 vel
1373 2331 1478 2418 prin-

345 2460 423 2523 ceps
439 2435 473 2498 in
491 2434 616 2522 populo
637 2432 833 2512 christiano,
852 2432 922 2522 qui,
945 2432 974 2496 si
999 2431 1171 2496 obsideret
1191 2432 1332 2521 aliquam
1354 2432 1476 2498 villam

344 2538 394 2602 vel
416 2534 581 2601 civitatem
611 2534 699 2621 regis
729 2535 885 2614 Francis,
914 2534 966 2599 vel
997 2534 1137 2622 alicujus
1161 2534 1324 2623 principis
1352 2559 1476 2600 secum

344 2629 561 2716 confederati,
580 2651 613 2703 et
628 2652 749 2702 terram
770 2637 934 2727 principis
953 2636 1139 2700 obsidentis
1157 2635 1266 2702 dictus
1286 2659 1342 2701 rex
1360 2634 1475 2703 intra-

344 2755 394 2807 ret
410 2765 484 2806 cum
501 2753 569 2806 tota
584 2740 734 2829 potentia
753 2764 823 2820 sua,
841 2753 876 2804 ut
890 2763 961 2804 enm
979 2738 1169 2802 destrueret
1185 2751 1217 2803 et
1233 2737 1472 2828 impugnaret,

344 2844 424 2934 quin
452 2845 525 2908 sine
554 2842 750 2907 confusione
785 2855 818 2906 et
850 2842 1017 2906 dedecore
1044 2853 1171 2928 posset,
1206 2855 1239 2905 et
1265 2842 1362 2905 ctiam
1390 2865 1473 2907 oum
1565 2875 1566 2899 2

342 2948 481 3024 honore,
503 2945 712 3010 obsidionem
731 2945 923 3033 relinquere
949 2957 982 3008 et
1007 2967 1195 3022 occurrere,
1217 2967 1291 3008 cum
1310 2945 1473 3012 omnibus
1564 2979 1565 3001 κ

343 3050 408 3114 sibi
435 3048 675 3114 adherentibus
706 3047 779 3138 regi
808 3059 874 3110 tam
905 3047 1053 3135 potenti3
1076 3083 1119 3096 —
1143 3045 1291 3112 secundo
1315 3047 1347 3111 in
1380 3047 1469 3128 hoc,

342 3152 433 3240 quod
447 3163 562 3216 contra
580 3151 757 3214 consilium
773 3149 883 3214 fratris
901 3148 951 3212 sui
968 3161 1001 3212 et
1017 3149 1213 3237 peritorum,
1229 3147 1338 3212 villam
1351 3147 1471 3214 sortis-

342 3254 459 3319 simam
484 3252 655 3330 obsidens,
682 3253 781 3316 etiam
810 3253 926 3317 hostes
956 3274 1017 3340 per
1042 3275 1131 3315 mare
1155 3251 1295 3329 invasit3
1322 3251 1350 3315 si
1375 3252 1470 3317 enim

342 3380 440 3423 naves
473 3381 548 3421 suas
573 3357 714 3443 majores
737 3379 852 3419 versus
879 3367 1002 3418 terram
1032 3367 1064 3417 et
1092 3353 1186 3418 littus
1214 3351 1402 3444 colligatas,
1432 3354 1467 3418 in

342 3473 501 3549 quantum
519 3457 589 3522 ficri
606 3469 748 3546 poterat,
764 3457 966 3534 attraxisset,
985 3480 1165 3545 numquam
1179 3456 1292 3520 hostes
1308 3456 1357 3520 sui
1374 3480 1466 3536 eum,

342 3562 407 3627 nisi
421 3587 495 3626 cum
517 3559 659 3624 maximo
676 3558 828 3648 periculo
843 3559 1033 3647 potuissent
1049 3557 1222 3636 invadere,
1248 3558 1323 3647 quia
1350 3583 1465 3624 secum

969 3701 1142 3714 η-ι-ιιι

372 3779 392 3826 1.
412 3775 476 3824 Bion
489 3791 538 3839 quo
560 3774 583 3821 le
602 3789 650 3820 ms.
667 3771 697 3820 de
718 3773 792 3820 Gand
806 3777 831 3820 ct
847 3772 906 3820 l'ed.
927 3773 958 3820 de
973 3771 1128 3835 Hnmbuurg
1139 3778 1245 3836 portent
1264 3789 1276 3819 n
1297 3771 1463 3832 curialius»,
1555 3817 1556 3838 p

339 3837 358 3890 ll
374 3844 429 3888 lant
441 3839 489 3888 lire
500 3853 561 3886 sans
577 3836 675 3884 hesiter
689 3835 845 3884 «crudelius
859 3853 881 3882 u.

370 3907 392 3951 2.
411 3902 445 3951 Le
459 3899 580 3950 minorita
591 3905 631 3946 est
642 3901 695 3946 tres
706 3904 867 3945 exactement
878 3897 1024 3960 rcnsclgne'.
1040 3897 1197 3954 Guillaume,
1209 3905 1293 3946 comte
1304 3898 1336 3945 de
1348 3895 1466 3946 llainnut
1554 3917 1555 3928 ³

338 3967 409 4014 etde
421 3963 556 4020 tiuhanda,
571 3967 645 4022 repul
657 3961 695 4008 les
705 3960 846 4034 Flamands
860 3963 875 4007 a
888 3961 977 4014 merci.
990 3974 1039 4038 pur
1052 3960 1126 4007 lettre
1138 3961 1172 4007 du
1186 3962 1214 4008 lb
1228 3963 1290 4007 aaut
1303 3962 1362 4006 1304
1374 3961 1406 4024 (s.
1420 3960 1463 4024 1.),

337 4033 643 4139 tttttttltlttt
656 4022 989 4147 ltttttttttlttttlt
1000 4021 1386 4148 {tltllrsfltltfltllut?
1397 4030 1464 4142 tr}

336 4171 386 4218 pur
403 4153 448 4206 des
461 4152 551 4198 lettres
573 4165 622 4212 quc
642 4148 668 4195 la
690 4147 751 4194 ville
771 4147 802 4194 de
819 4147 919 4210 Bruges
939 4147 1018 4194 scelln
1030 4147 1056 4192 le
1075 4147 1104 4193 1⁸2
1122 4154 1172 4194 oct.
1187 4149 1248 4194 1306
1260 4148 1344 4210 (publ.
1359 4164 1409 4212 por
1424 4147 1463 4195 De

338 4219 418 4274 sinet,
444 4215 490 4261 loc.
509 4214 572 4274 cit),
593 4227 643 4274 quc
663 4211 701 4257 lcs
727 4209 889 4272 prisonniers
910 4209 1050 4256 Flamands
1068 4225 1095 4256 se
1116 4209 1277 4272 plaignirent
1299 4210 1400 4258 d'nroir
1419 4213 1462 4258 ete

337 4279 508 4327 oruellement
521 4274 665 4322 multraitds
679 4279 694 4318 a
708 4271 802 4334 Leydo,
820 4276 836 4320 a
851 4271 1019 4318 Ysselmonde
1038 4277 1063 4320 et
1076 4287 1107 4319 en
1124 4272 1237 4321 d’autres
1256 4273 1332 4320 villes
1348 4272 1379 4321 de
1394 4273 1461 4320 llol-

336 4343 422 4392 lande.
436 4342 471 4391 Le
480 4338 605 4387 minorite
617 4339 706 4400 paruit
716 4337 791 4383 avoir
803 4350 888 4382 oonrru
901 4349 943 4385 ces
956 4340 1036 4382 actes.
