3154 5190
144 490 204 538 1310
521 487 670 536 adultus
687 487 884 537 utuuuttsus
1220 487 1263 537 tot

141 607 279 685 babere,
299 630 337 670 eo
357 603 448 694 quod
463 618 587 670 terram
612 627 704 670 suam
728 603 819 669 exire
843 604 884 669 ad
910 607 1127 696 pugnandum
1147 619 1263 671 contra

144 708 366 775 Flandrenses
386 707 578 784 noluerunt,
605 706 664 773 sed
685 706 791 772 solum
817 708 924 796 ipsam
947 708 1143 788 defendere,
1167 709 1195 772 si
1223 710 1264 773 ab

143 811 191 876 eis
221 811 476 889 invaderentur;
511 810 588 899 quia
621 833 732 876 comes
767 810 935 876 Robertus
963 811 1134 899 copiosum
1165 811 1264 876 etiam

141 914 259 979 habuit
283 912 464 980 exercitum
489 935 589 1003 supra
614 912 709 978 littus
732 913 831 978 maris
856 925 890 977 et
917 935 1015 979 naves
1040 911 1200 1002 plurimas
1223 913 1264 978 ad

140 1016 365 1082 invadendum
390 1016 583 1081 Zelandiam
602 1029 636 1079 et
655 1014 879 1093 Hollandiam‚
902 1015 930 1079 si
951 1015 1131 1081 bellatores
1151 1039 1264 1081 earum

142 1120 290 1184 exissent
301 1131 424 1183 terram
434 1141 539 1182 suam.
558 1117 686 1186 Videas
700 1118 813 1204 itaque
829 1117 1108 1186 Wilhelmustam
1128 1117 1265 1184 validis-

142 1222 262 1287 simum
279 1233 312 1286 et
334 1219 508 1308 copiosum
538 1233 570 1284 61
586 1219 711 1308 optime
729 1231 891 1285 armatum
912 1221 1094 1285 exercitum
1111 1220 1265 1286 adversa-

143 1326 268 1390 riorum
288 1323 451 1412 pediturn,
470 1335 504 1387 61
522 1322 697 1386 maximam
716 1321 964 1386 multitudinem
984 1322 1146 1411 equitum,
1167 1347 1264 1412 quam

141 1427 184 1492 de
205 1426 343 1492 Francia
371 1424 580 1490 adduxerant
604 1424 792 1490 Ludovicus
816 1423 1054 1504 Nivernensis,
1081 1439 1263 1518 61666166,

143 1543 176 1594 et
202 1529 303 1595 frater
332 1551 429 1616 suus,
461 1540 495 1592 et
527 1527 568 1591 de
605 1526 757 1592 Picardia
787 1525 1004 1606 Wilhelmus,
1032 1527 1187 1592 dominus
1223 1527 1279 1616 (16,

142 1631 286 1722 Nigella,
304 1631 406 1696 frater
419 1629 551 1695 comitis
574 1628 725 1708 Roberti,
748 1641 780 1693 et
799 1629 968 1694 lohannes
988 1630 1030 1694 de
1050 1629 1189 1709 Fienes‚
1207 1629 1265 1719 qui

143 1734 424 1800 habuit'sororem
449 1732 612 1820 ipsorum,
637 1744 670 1796 et
691 1732 853 1820 quamde
877 1731 1033 1797 Flandrie
1056 1744 1266 1798 contraxerat

143 1862 255 1904 comes
279 1837 445 1903 Robertus
466 1835 630 1900 nobilium
654 1834 796 1902 militum
816 1847 850 1900 et
873 1836 1114 1926 armigerorum
1134 1849 1166 1902 et
1186 1837 1266 1902 bur-

143 1939 298 2031 gensium
314 1937 549 2014 Liliardorum,
567 1935 674 2027 quiin
694 1936 867 2026 preteritis
882 1937 1015 2028 guerris
1036 1939 1168 2004 fuerant
1190 1963 1265 2004 cum

143 2066 239 2133 rege,
263 2040 322 2106 sed
341 2040 440 2105 modo
460 2040 563 2105 corde
579 2063 653 2104 cum
673 2040 807 2119 comite,
821 2079 866 2090 -
885 2053 952 2105 tam
972 2039 1161 2130 propinqua
1177 2041 1265 2106 enim

142 2158 239 2210 erant
254 2157 362 2210 castra
382 2141 533 2221 hostilia,
557 2142 648 2230 quod
670 2141 837 2207 exercitus
858 2142 1007 2208 Hanonie
1025 2144 1067 2208 de
1082 2142 1265 2210 monticulo

143 2248 287 2337 quodam
308 2247 394 2311 bene
414 2245 596 2310 exercitum
613 2244 854 2310 Flandrensem
877 2245 910 2310 in
932 2246 1074 2334 quadam
1099 2246 1151 2311 sui
1171 2270 1266 2312 mou·

144 2350 304 2415 stratione
324 2347 375 2414 vel
400 2349 626 2413 ostentatione
651 2361 684 2412 et
702 2345 847 2412 acierum
873 2348 1103 2424 ordinatione,
1124 2347 1202 2414 dum
1231 2348 1265 2413 in

144 2451 235 2516 brevi
252 2450 377 2516 bellum
396 2450 519 2514 habere
538 2449 711 2529 credebat,
728 2449 843 2513 videre
858 2462 1000 2537 poterat,
1019 2489 1061 2500 -
1081 2449 1161 2516 licet
1177 2463 1267 2516 esset

142 2554 256 2619 valens
279 2552 372 2617 miles
395 2550 505 2617 dictus
531 2550 751 2629 Wilhelmus,
774 2552 947 2648 pertimuit
964 2550 1106 2632 bellum,
1127 2576 1265 2640 exspec-

142 2668 213 2722 tare
234 2679 299 2720 non
315 2653 462 2730 audens;
488 2667 520 2718 et
549 2653 638 2733 iden,
666 2653 844 2744 agentibus
863 2653 1013 2719 lohanne
1028 2656 1263 2732 Namurcensi‚

142 2759 244 2824 fratre
273 2757 405 2823 comitis
425 2755 565 2822 Roberti
600 2769 633 2821 61
661 2769 805 2847 cognato
826 2755 1016 2836 Wilhelmi,
1041 2770 1074 2821 et
1099 2758 1262 2837 Gerardo,

142 2861 281 2926 domino
312 2861 354 2925 de
381 2860 596 2948 Zotteghem,
626 2857 816 2946 quondam¹
859 2858 1040 2923 castellano
1073 2860 1263 2940 Gandensi,

143 2962 384 3029 mediatoribus
405 2974 439 3026 et
463 2987 537 3026 cum
563 2960 665 3026 multo
690 2961 805 3026 labore
832 2961 1116 3028 concordantibus
1139 2977 1263 3052 partes,

143 3065 463 3135 dictusWilhelmus
476 3088 549 3132 cum
563 3063 678 3153 pulcra
691 3063 879 3128 comitativa
892 3063 1053 3152 equitum,
1066 3063 1138 3129 sine
1151 3064 1263 3144 armis,

142 3167 185 3232 ad
207 3167 360 3232 comitem
387 3167 571 3233 Robertum
591 3167 625 3230 in
644 3164 713 3230 suis
734 3163 852 3230 castris
874 3164 1014 3254 supplex
1029 3166 1135 3245 venit,
1157 3190 1264 3256 genua

142 3267 247 3346 flexit,
283 3293 398 3356 pacem
437 3267 553 3357 petiit,
585 3267 718 3332 fidelem
748 3264 927 3332 amicitiam
963 3267 1130 3357 promisit,
1167 3268 1265 3357 eique

142 3372 335 3462 homagium
360 3372 401 3437 de
429 3370 549 3435 insulis
577 3369 735 3435 Zelandie
761 3367 849 3447 fecit,
876 3393 911 3433 ea
938 3370 1147 3450 conditione,
1174 3372 1263 3461 quod

143 3473 291 3539 Guidoni
320 3471 537 3538 Namurcensi
577 3473 619 3537 (16
651 3485 701 3537 161
733 3469 936 3551 redditibus,
965 3487 1124 3562 quantum
1155 3473 1264 3538 insule

141 3575 264 3654 valent,
287 3575 337 3641 vel
361 3577 401 3640 de
427 3575 636 3664 equivalente
660 3588 748 3638 terra
777 3572 985 3639 satisfaceret
1007 3586 1041 3639 et
1057 3575 1261 3664 provideret.

143 3677 335 3768 Spopondit
353 3679 452 3743 etiam
472 3702 533 3767 pro
559 3702 593 3742 se
621 3690 654 3742 et
672 3678 740 3742 suis
757 3675 952 3755 heredibus,
972 3677 1062 3765 quod
1085 3701 1263 3765 numquam

140 3794 266 3846 terram
298 3779 453 3847 Flandrie
483 3780 568 3845 ultra
607 3779 771 3856 Scaldim,
800 3790 833 3842 61
865 3801 927 3842 666
962 3791 1085 3843 terram
1115 3782 1265 3861 Quatuor

142 3881 352 3961 Officiorum,
371 3907 453 3972 quas
473 3883 771 3949 comes'Robertus
792 3892 826 3945 61
842 3893 938 3968 pater
954 3904 1032 3946 suus
1053 3905 1069 3945 a
1090 3905 1170 3970 rege
1185 3882 1264 3948 Ate-

141 3986 277 4051 mannie
299 3997 494 4060 tenuerant,
521 3997 554 4048 et
577 3996 672 4072 pater
698 3980 870 4053 Wilbelmi
900 3995 932 4046 et
960 3983 1076 4061 avus'2,
1109 3984 1263 4048 omnibus

953 4133 1085 4145 ...ι-

173 4221 195 4267 1.
215 4219 317 4268 (116116
330 4221 463 4329 Sottepem
474 4221 546 4268 avait
561 4222 719 4268 rdccmment
736 4217 798 4266 rede'
810 4232 844 4263 au
857 4225 942 4266 comte
957 4219 988 4266 de
1001 4219 1111 4268 Flandre
1125 4235 1167 4266 666
1180 4219 1263 4266 (166116

142 4298 190 4330 sur
200 4282 226 4329 la
236 4283 393 4330 chdtellenie
424 4284 531 4333 eGuod.

173 4346 197 4392 2.
216 4344 250 4392 Le
265 4361 313 4393 ms.
333 4345 364 4392 de
375 4345 449 4394 Gand
468 4353 542 4409 porte
560 4361 565 4392 :
585 4361 597 4391 6
613 4352 638 4392 61
655 4349 730 4408 paler
747 4344 910 4396 wilhelmi...
925 4360 950 4403 u;
965 4343 1023 4392 l'e'd.
1039 4343 1072 4392 de
1087 4343 1262 4406 llambourg:
