3154 5190
333 453 364 504 ‘tl
412 446 414 452 ¹
714 451 864 502 lunatas
880 451 1075 502 GANDENSES
1393 451 1459 499 1803

335 568 392 658 qui
408 568 517 634 adhuc
531 589 605 636 cum
619 567 849 638 Furneusibus
865 582 897 634 et
914 568 1165 636 Casleteosibus
1176 570 1268 657 juxta
1285 568 1458 634 Casletum

334 672 481 737 existens
507 671 630 738 dicitur
660 671 824 740 dormisse
854 673 906 738 vel
936 672 1112 750 sudasse¹,
1141 669 1291 736 solidarii
1323 669 1458 759 equites

336 772 425 862 regis
452 773 587 842 circiter
615 775 815 864 octingenti,
844 798 885 838 ex
913 774 1035 862 quibus
1062 773 1157 840 multi
1185 786 1282 838 erant
1303 771 1456 846 biliardi,

335 875 466 942 nobiles
493 876 622 943 scilicet
643 877 685 942 de
707 890 796 944 terra
827 876 1038 953 Flandrensi,
1061 877 1180 966 quide
1201 901 1239 944 ea
1259 889 1354 942 erant
1375 875 1457 940 effn-

334 978 403 1068 gati
424 991 459 1044 ut
474 979 621 1045 faventes
635 978 720 1069 regi,
738 979 868 1045 occulta
882 993 971 1044 terre
986 992 1240 1069 cognoscentes,
1259 979 1302 1043 dc
1319 1001 1458 1050 nemore

335 1080 491 1172 quodam,
507 1082 541 1148 in
556 1106 623 1171 quo
637 1082 813 1161 latuerant,
835 1081 1043 1160 invadentes,
1056 1082 1254 1148 occiderunt
1269 1080 1310 1148 de
1323 1081 1372 1146 eis
1385 1081 1458 1145 fere

336 1181 426 1250 mille
441 1183 541 1263 viros,
558 1185 600 1250 de
621 1185 742 1274 quibus
763 1197 872 1251 tamen
890 1184 986 1250 multi
1001 1198 1098 1250 erant
1112 1199 1146 1250 et
1161 1187 1265 1273 major
1284 1208 1361 1272 pars
1376 1207 1458 1273 gar-

337 1310 435 1352 sones
452 1289 622 1378 etaurige.
639 1290 708 1354 Hoc
727 1287 866 1354 audiens
882 1286 1083 1355 Wilhelmus
1098 1287 1245 1354 velocius
1264 1310 1330 1375 quo
1346 1285 1459 1375 potuit

337 1390 405 1454 suis
426 1389 459 1455 in
476 1388 678 1479 adjutorium
696 1389 799 1468 venit,
815 1390 1012 1480 vidensque,
1031 1415 1065 1456 se
1081 1414 1205 1480 paucos
1221 1390 1346 1454 habere
1363 1389 1457 1477 equi-

333 1505 383 1556 tes
400 1505 433 1556 et
448 1491 562 1558 hostes
580 1493 713 1572 multos,
731 1493 1006 1582 appropinquans
1022 1493 1070 1558 eis
1086 1517 1191 1583 equos
1208 1516 1285 1557 suos
1304 1490 1456 1581 reliquit,

335 1605 368 1658 et
395 1618 528 1660 omnem
551 1596 733 1661 exercitum
761 1620 857 1662 suum
887 1597 990 1684 pedes
1017 1619 1167 1685 pugnare
1191 1595 1323 1671 volens,
1350 1593 1457 1658 aciem

335 1719 487 1787 magnam
514 1699 692 1764 rotundam
711 1699 752 1764 ad
782 1699 917 1764 modum
944 1722 1028 1787 cupe
1056 1698 1108 1764 vel
1130 1721 1253 1762 corone
1279 1695 1455 1772 ordinans,

335 1797 475 1892 ipseque
494 1801 528 1867 in
546 1799 655 1865 medio
674 1803 745 1889 ejus
761 1799 920 1880 existens,
940 1802 1054 1866 hostes
1070 1800 1111 1865 ad
1131 1823 1277 1890 pugnam
1294 1823 1458 1889 provoca-

333 1901 393 1980 vit,
412 1901 469 1990 qui
490 1902 679 1969 insimiliter
698 1927 772 1968 cum
788 1902 862 1992 ipso
881 1902 1042 1994 congredi
1064 1927 1130 1967 non
1150 1902 1324 1980 audentes,
1347 1914 1458 1966 astute

336 2004 439 2070 aciem
465 2028 556 2072 suam
584 2005 919 2094 circumequitabant‚
954 2005 1167 2093 explorantes
1199 2029 1263 2092 qua
1296 2017 1390 2093 parte
1424 2002 1456 2067 ei

335 2105 454 2172 melius
467 2129 588 2172 nocere
599 2121 750 2197 possent.
767 2110 1056 2196 Quotquotautem
1071 2132 1112 2174 ex
1124 2108 1172 2172 eis
1184 2112 1217 2172 in
1231 2120 1358 2172 tantum
1372 2104 1459 2172 aciei

336 2207 533 2274 Flandreosi
557 2209 889 2299 appropinquabant,
912 2211 1002 2299 quod
1018 2235 1075 2274 eos
1093 2209 1260 2299 attingere
1279 2222 1456 2298 poterant,

337 2310 577 2390 moriebantur,
590 2326 623 2377 et
640 2313 751 2402 quiex
762 2312 944 2403 Flamingis
958 2312 1055 2378 etiam
1071 2313 1184 2390 exivit,
1204 2311 1270 2378 cito
1286 2314 1328 2377 ab
1345 2311 1458 2376 iucur-

336 2413 430 2480 sione
463 2417 612 2504 equitum
640 2415 680 2480 ad
704 2428 827 2481 terram
852 2417 1139 2504 prosternebatur.
1173 2415 1296 2503 Sicque
1322 2415 1458 2478 stabant

336 2516 404 2580 lere
422 2539 481 2604 per
502 2516 585 2584 duas
601 2517 701 2582 horas
721 2518 931 2608 stipendiarii
947 2517 1037 2608 regis
1053 2517 1316 2584 Flandrensibus
1331 2517 1365 2582 in
1384 2541 1457 2580 mo·-

335 2618 411 2684 dico
431 2633 590 2684 nocentes
604 2631 637 2685 et
652 2623 864 2686 econtrario.

380 2709 461 2774 Post
476 2707 601 2773 bellum
612 2711 699 2774 enim
718 2712 938 2776 Curtracense
956 2734 1134 2799 numquam
1145 2707 1262 2775 Franci
1279 2706 1350 2772 ausi
1362 2720 1454 2784 sunt,

337 2833 397 2876 nec
418 2835 521 2898 eques
542 2835 604 2876 nec
627 2813 743 2900 pedes,
770 2814 961 2902 Flamingos
983 2837 1114 2902 semper
1137 2812 1241 2900 pedes
1266 2823 1456 2900 pugnantes

336 2911 472 2978 insimul
495 2937 569 2979 eum
595 2927 664 2978 tota
698 2916 768 2980 acie
793 2915 1008 3004 impugnare,
1029 2915 1089 2980 sed
1110 2939 1242 3003 semper
1263 2939 1320 2978 eos
1345 2913 1457 2978 circu-

337 3016 573 3105 mequitantes,
594 3017 728 3106 quando
746 3030 914 3107 poterant,
937 3042 997 3107 per
1017 3031 1086 3082 tres
1102 3019 1152 3082 vel
1174 3031 1316 3107 quatuor
1338 3040 1455 3080 eorum

337 3117 577 3207 aliquantulum
599 3118 812 3199 invadebant,
834 3119 900 3186 cito
921 3144 994 3183 cum
1011 3121 1107 3209 equis
1126 3119 1231 3184 abeis
1250 3118 1453 3194 resilientes,

335 3230 372 3285 ut
398 3219 488 3307 ipsos
514 3220 555 3284 de
580 3222 650 3286 acie
675 3245 732 3286 sua
758 3224 984 3300 extraherent,
1015 3236 1048 3288 et
1076 3237 1154 3288 tunc
1181 3221 1236 3287 alii
1260 3219 1352 3310 ipsos
1380 3245 1454 3286 cum

335 3320 461 3410 impetu
475 3322 515 3387 ad
525 3335 647 3387 terram
661 3336 926 3412 prosternerent.

379 3423 564 3490 audientes
583 3425 685 3516 igitur
695 3429 862 3514 Yprenses
877 3439 911 3492 et
929 3430 1116 3516 Bergenses
1132 3427 1302 3506 damnum,
1316 3443 1349 3494 et
1369 3429 1455 3496 Wil·
1518 3491 1523 3502 ,

334 3525 482 3591 helmum
497 3527 697 3616 impugnari,
720 3529 876 3594 velociter
895 3528 927 3594 in
948 3528 1104 3594 auxilium
1121 3531 1192 3619 ejus
1209 3531 1333 3596 reversi
1355 3544 1451 3595 sunt:

335 3652 418 3717 quos
439 3627 589 3709 solidarii
604 3631 654 3694 vel
675 3629 885 3720 stipendiarii
908 3630 996 3721 regis
1015 3631 1180 3712 videntes,
1203 3657 1354 3724 eampum
1376 3633 1453 3697 reli·

334 3743 491 3818 querunt,
511 3756 625 3798 versus
640 3734 1038 3800 Sanctum-Andomarum
1051 3735 1227 3824 l'ugientes.
1247 3738 1338 3817 Quos
1355 3737 1452 3801 Flan-

334 3831 474 3897 drenses
501 3835 658 3924 quamdiu
690 3848 872 3923 potuerunt
903 3836 1139 3926 insequentes,
1167 3837 1296 3926 aliquos
1320 3837 1452 3904 oecide-

335 3947 425 4010 runt,
442 3935 553 3999 multis
574 3935 622 4000 eis
643 3936 677 4000 in
699 3938 823 4002 strictis
840 3939 1016 4030 passagiis,
1037 3964 1181 4030 perque
1199 3965 1255 4005 eus
1271 3965 1345 4006 cum
1362 3942 1453 4006 l'esti-

336 4035 470 4103 natione
485 4039 628 4104 transire
640 4040 827 4128 oportebat,
845 4043 1016 4130 oppressis
1029 4042 1078 4108 vel
1090 4043 1272 4109 submersis
1290 4043 1341 4109 vel
1355 4043 1453 4109 suffo-

366 4260 388 4306 l.
409 4277 420 4308 u
435 4259 549 4334 Sudusse
562 4279 583 4317 n,
597 4261 634 4308 εἰσ
643 4261 709 4311 dans
724 4264 748 4310 le
759 4279 808 4310 ms.
822 4263 854 4312 de
865 4264 939 4313 Gand
952 4271 977 4312 et
986 4265 1042 4313 rad.
1059 4266 1091 4313 de
1103 4265 1265 4328 llembourg.
1279 4267 1455 4334 Loppenberg

335 4337 448 4389 propone
462 4341 474 4371 o
483 4324 579 4373 lusisse
592 4341 604 4372 u
615 4326 809 4392 qui.dounerait
822 4330 955 4392 pent-etre
967 4344 1001 4376 un
1015 4336 1075 4376 sens
1093 4328 1249 4392 preferable.
