3154 5190
145 427 205 476 lece
516 425 666 474 inuitus
683 424 878 474 Giuuuusus
1233 427 1263 472 53

144 542 509 612 Sancti-Audomari-
519 544 614 630 cujus
629 539 844 607 incendisset
858 534 1068 620 suburbium,
1082 541 1110 606 si
1121 541 1163 606 ab
1178 541 1259 620 illis,

144 647 254 735 quiin
276 670 313 711 ea
339 659 446 724 erent,
468 669 532 710 non
561 644 680 710 luisset
698 645 791 732 prius
810 644 1092 723 concremetuml,
1114 683 1157 694 --
1171 644 1263 710 inse-

143 761 287 838 quentes
299 761 332 813 et
348 747 514 837 attingere
532 771 600 812 non
619 747 780 826 valentes,
802 744 969 812 civitatem
989 744 1215 811 Mutinensem
1230 760 1263 811 et

141 848 287 916 circiter.
298 851 426 916 LXXX.
437 848 531 914 villas
545 861 761 938 campestres,
773 872 848 914 cum
859 847 1095 936 pulcherrimis
1105 847 1262 937 hospitiis

142 970 177 1022 et
189 956 418 1023 mansionibus
430 957 607 1022 multorum
622 954 797 1034 nobilium,
807 980 870 1045 per
880 956 1028 1044 quinque
1043 955 1159 1020 diesin
1173 969 1261 1021 terre

140 1059 372 1126 Attrebetcnsi
398 1059 514 1124 hostili
537 1083 628 1123 more
647 1058 881 1135 incendentes,
909 1058 1046 1124 arbores
1075 1058 1262 1124 fructiferos

141 1161 377 1250 precidentess
391 1161 488 1226 blada
509 1173 543 1226 et
563 1159 674 1224 omniu
691 1173 781 1226 terre
799 1161 981 1241 nascentia,
1003 1173 1039 1236 nt
1053 1183 1092 1224 se
1109 1160 1150 1226 de
1167 1159 1261 1226 dama

142 1263 196 1328 nis
215 1278 304 1328 terre
334 1263 521 1328 Casletensi
540 1261 641 1328 illatis
662 1262 888 1341 vindicarent,
906 1262 1144 1328 conculcantes
1156 1276 1192 1327 et
1207 1263 1261 1328 de·

138 1379 322 1444 struentes,
342 1389 417 1430 cum
436 1366 572 1429 maxime
590 1365 692 1453 preda
709 1364 749 1429 ed
764 1366 899 1454 proprie
916 1366 1142 1430 remearuntl.

173 1602 197 1648 1.
214 1599 487 1663 V.l'estimntionper
502 1603 631 1648 ulterram
650 1601 682 1648 de
702 1599 873 1664 l'Englentier,
892 1604 975 1648 Ysoac
986 1599 1018 1646 de
1035 1599 1109 1648 Wilre
1126 1600 1259 1658 chevalier,

138 1664 243 1712 larome
258 1664 368 1712 Dubroet
385 1667 410 1709 ct
425 1663 540 1711 Jclemes
557 1663 589 1710 de
608 1663 631 1710 le
650 1666 768 1718 Decerne,
792 1663 856 1710 bour
873 1663 925 1710 eois
942 1663 974 1710 de
992 1665 1122 1720 S.-0mer‚
1137 1663 1261 1727 dcleguis

139 1743 191 1790 pnr
210 1726 234 1773 le
255 1725 295 1773 roi
312 1725 357 1772 dee
374 1725 495 1788 doruages
509 1724 640 1772 detorsio
653 1725 697 1772 des
708 1725 828 1790 sorbuere
840 1681 873 1772 Ji
883 1724 960 1773 redire
971 1725 1018 1772 vile
1029 1725 1074 1772 des
1084 1723 1197 1773 maisons
1210 1727 1261 1774 vci-

138 1790 209 1837 sr’ner
219 1791 244 1835 et
253 1788 298 1836 des
308 1787 434 1836 worirone
445 1787 581 1836 destruites
591 1803 642 1848 par
653 1788 676 1836 le
683 1803 784 1852 guerre.
798 1804 809 1834 ιι
827 1789 875 1836 Les
888 1788 1043 1852 dommeges
1056 1796 1116 1836 sont
1124 1789 1261 1838 eitimsset

136 1853 226 1899 tussi
239 1850 286 1908 lb.‚
301 1851 329 1898 17
343 1867 375 1911 s.‚
388 1852 403 1896 6
415 1849 441 1896 d.
448 1867 521 1960 ger„
535 1866 586 1897 non
595 1853 713 1915 comptis
726 1850 763 1898 les
774 1851 927 1914 dommnges
936 1851 979 1914 qui
990 1852 1077 1898 iurent
1089 1851 1258 1900 occasionuts

139 1929 192 1962 nux
203 1913 296 1962 Frbres
309 1911 434 1960 mineurs.
460 1913 504 1960 'ire
516 1929 566 1976 por
579 1913 650 1960 Arth.
665 1912 744 1970 Grae,
762 1915 889 1968 S.-0mer‚
905 1930 931 1976 p.
945 1915 983 1962 74.
1210 1919 1213 1924 '

172 1980 194 2025 2.
213 1975 261 2024 Ces
274 1979 440 2025 e'vtnements
453 1983 513 2024 sont
524 1976 618 2024 relatis
632 1974 698 2022 dens
711 1977 737 2023 ln
753 1975 897 2047 chronique
909 1976 1053 2034 crtecipnne
1065 1974 1097 2022 de
1107 1976 1134 2022 ln
1144 1976 1261 2026 menibre

139 2039 274 2086 sulvnnte:
286 2055 297 2085 ιι
312 2037 340 2086 Si
352 2037 490 2085 nrintk'en
504 2037 530 2100 .j
543 2037 668 2090 merkedi.
682 2053 714 2086 .x.
726 2037 801 2101 jonrs
810 2038 920 2101 ιιιηιιίΙό,
934 2038 958 2085 le
971 2037 1230 2101 nuitSnint-Ben01t‚
1242 2034 1260 2085 ll

138 2101 322 2150 connestnbles
333 2107 359 2149 et
366 2106 450 2148 tontes
461 2115 502 2148 ses
510 2117 575 2164 gens
584 2101 670 2148 iurent
678 2100 783 2148 nssnnle
793 2107 818 2149 et
830 2099 934 2156 ordene,
944 2106 970 2147 e't
979 2099 998 2147 li
1008 2099 1156 2148 Flamence
1167 2101 1260 2148 l'eutre

137 2165 187 2228 les.
204 2164 231 2212 Sl
243 2163 315 2212 erint
327 2163 403 2228 qn'en
417 2163 496 2212 l'eure
510 2163 542 2210 de
556 2162 653 2210 tierche
670 2179 720 2226 que
731 2163 749 2211 li
764 2163 946 2210 connestcbles
964 2163 1072 2212 assecla
1088 2178 1135 2214 ens
1147 2179 1165 2212 u
1182 2179 1259 2236 comp

138 2227 327 2288 monseigneur
338 2225 466 2274 Jnkemon
484 2225 516 2273 de
534 2225 658 2285 brienne,
674 2225 859 2288 monseigneur
872 2225 965 2272 Berurt
977 2223 1008 2272 tle
1019 2225 1161 2288 Mnrquoel
1172 2225 1211 2273 les
1222 2227 1258 2289 .iJ.

138 2289 329 2344 mareschiaco.
343 2289 367 2336 le
380 2287 503 2351 seigneur
513 2287 545 2334 de
558 2287 755 2345 suumomni,
774 2289 798 2335 le
810 2287 936 2337 custeleio
948 2287 980 2343 de
994 2289 1061 2338 Lens
1074 2295 1099 2336 et
1111 2287 1157 2336 des
1169 2294 1260 2338 autres

136 2353 177 2400 les
196 2351 357 2399 kievcteines
369 2351 414 2398 des
431 2350 556 2400 establies
573 2350 619 2397 des
637 2351 774 2400 frontitres
791 2350 822 2397 de
840 2351 975 2406 Mandros,
991 2356 1016 2397 et
1030 2350 1159 2398 demendo
1171 2352 1260 2399 oonsel

139 2415 180 2462 s'il
200 2429 228 2461 se
240 2411 446 2462 comboteroient
457 2419 482 2462 et
498 2412 618 2462 rewordn
638 2413 702 2478 qu‘il
721 2414 831 2461 estoient
853 2413 912 2460 bien
928 2413 988 2476 ,η’Μ.
1008 2427 1128 2460 urmnres
1145 2413 1177 2461 de
1194 2416 1259 2462 lere

138 2477 216 2524 lievel
234 2483 259 2524 et
275 2485 357 2529 mr.
381 2475 412 2522 de
431 2475 494 2540 piet.
519 2477 540 2523 ll
557 2481 651 2530 trouva
668 2492 699 2524 en
718 2482 775 2524 tout
794 2491 839 2523 sen
854 2477 943 2523 consel
960 2475 1024 2540 qu'il
1041 2491 1069 2523 ee
1080 2474 1188 2538 punient
1199 2477 1258 2538 bien

138 2538 283 2596 combam,
302 2536 442 2602 quembien
457 2537 521 2601 qu'il
534 2540 635 2586 fussent
651 2545 728 2600 grant
741 2537 829 2600 plente
845 2537 876 2584 de
889 2537 1020 2586 Flnmens.
1034 2537 1119 2585 Adont
1131 2537 1184 2585 dist
1196 2539 1259 2602 qu'il

137 2617 170 2650 ne
184 2617 212 2649 se
224 2599 454 2650 combeteroitmie
469 2607 496 2648 et
506 2600 662 2648 commende
674 2616 688 2647 ιι
705 2600 891 2662 monseigneur
902 2599 1001 2648 Bererd
1010 2605 1035 2648 et
1046 2616 1061 2648 e
1075 2601 1260 2664 monseigneur

138 2662 424 2728 Thieboutderepoi,
434 2663 583 2727 capiteinne
596 2663 627 2711 de
640 2662 815 2722 seint-Omer,
827 2667 853 2709 et
864 2679 898 2709 nu
911 2663 1034 2726 seigneur
1048 2662 1079 2709 de
1089 2663 1181 2713 Fiencs
1195 2665 1259 2728 qu'il

138 2727 265 2774 aluissent
277 2741 292 2772 e
300 2725 473 2780 Sciat-Omen
487 2733 512 2773 et
524 2743 539 2773 e
551 2731 637 2773 tontes
650 2726 688 2772 les
701 2731 789 2772 eutres
800 2725 945 2788 copitnines
957 2741 1008 2788 que
1019 2725 1150 2772 cbescuos
1162 2726 1231 2774 alost
1243 2743 1258 2774 ιι

138 2805 166 2838 se
179 2789 278 2845 werde,
291 2794 316 2836 et
328 2787 416 2844 adnot,
426 2787 522 2841 dist-il,
532 2789 595 2852 qn'il
605 2788 658 2835 s’en
669 2787 739 2850 yroit
751 2804 766 2834 o
776 2788 958 2844 Thtrounnne,
972 2794 997 2835 et
1009 2804 1088 2838 evoec
1100 2787 1138 2836 lui
1148 2789 1258 2841 mesires

137 2851 220 2900 lakes
231 2850 264 2898 de
275 2850 391 2898 Beionne
403 2855 428 2897 et
437 2850 475 2898 les
489 2851 523 2914 .ij.
539 2849 728 2898 mnreschinus.

171 2931 184 2961 ιι
200 2914 269 2962 Dcnt
281 2912 501 2962 fistoommnnder
513 2929 574 2961 seur
586 2913 610 2960 le
622 2913 683 2960 hort
695 2927 745 2975 que
755 2913 885 2960 choscnns
899 2908 1023 2970 sivissent
1034 2912 1220 2964 leurbnniirres
1233 2919 1258 2960 et

138 2977 176 3023 du
191 2975 279 3024 consel
292 2992 324 3024 ue
338 2975 457 3022 sevoient
470 2977 573 3023 molles
587 2991 651 3038 gens
662 2975 784 3032 d’nrmes,
801 2991 832 3022 ne
848 2974 867 3021 li
884 2974 982 3037 pieton.
997 2974 1024 3022 Si
1042 2991 1069 3020 se
1084 2975 1215 3038 partirent
1232 2983 1257 3023 et

137 3037 336 3112 leissierentlos
350 3037 477 3112 Flumens,
489 3042 514 3085 et
526 3037 543 3084 li
558 3039 682 3112 Flomenc
691 3053 723 3084 ne
738 3037 879 3116 s'emureut
889 3043 914 3083 et
926 3052 955 3110 se
968 3037 1161 3085 mervelliorent
1174 3055 1256 3102 pour-

137 3100 1256 3226 ttiustitt{titttltltffttttttlitttltttlet„{ttzfftltttttlttllu

137 3241 238 3288 oonroy
252 3231 277 3272 et
287 3239 318 3281 en
332 3224 396 3272 uloit
405 3224 545 3283 chenruus,
560 3225 603 3288 qui
617 3225 686 3273 miex
698 3224 775 3280 miex,
789 3241 890 3272 comme
901 3230 964 3288 gent
975 3225 1126 3272 desccnfite.
1140 3227 1172 3273 ut
1183 3225 1256 3272 cbele

137 3287 198 3335 nuit
205 3287 223 3335 li
234 3287 402 3335 connestnble
411 3303 438 3334 se
446 3287 577 3350 hebergen
585 3292 600 3334 ιι
609 3288 782 3335 'l'be'rounnoe
790 3293 815 3334 et
823 3289 846 3334 le
857 3287 940 3336 diocle
949 3287 968 3334 il
977 3288 1030 3335 s'en
1039 3288 1108 3350 pnrti
1118 3293 1143 3334 et
1151 3287 1203 3335 s'en
1212 3289 1255 3334 nlo

135 3355 152 3396 u
163 3349 232 3407 Aire,
245 3366 260 3396 e
268 3365 319 3412 peu
329 3349 361 3397 de
371 3355 441 3423 gent.
450 3366 496 3396 cnr
502 3355 559 3396 tout
570 3347 623 3397 s'en
634 3350 746 3398 estoient
754 3351 794 3398 ule
802 3365 851 3414 que
861 3350 928 3398 miex
939 3351 1015 3398 miex.
1027 3350 1113 3398 ildont
1123 3350 1256 3398 s'estoient

134 3413 154 3460 li
170 3412 292 3458 Flumenc
303 3417 396 3460 retroit
408 3429 423 3461 n
433 3413 503 3460 leurs
515 3419 598 3460 tentes
611 3419 637 3460 et
649 3417 755 3460 sentent
767 3429 816 3476 que
830 3429 877 3461 nos
909 3429 954 3462 ens
969 3429 995 3460 se
1028 3412 1140 3460 nrtoient
1153 3412 1218 3470 ensi,
1231 3413 1255 3460 si

136 3474 303 3538 s'espnrgent
314 3474 373 3521 arel
385 3475 410 3522 le
421 3481 479 3536 pets
488 3481 513 3522 et
522 3480 666 3523 westerent
674 3481 731 3522 tout
741 3481 767 3522 et
776 3476 879 3522 vim-ent
890 3429 1029 3523 lerenrerll
1043 3477 1058 3522 ιί
1071 3475 1253 3532 Τιιύιοιιιιιιιιο,

136 3537 241 3646 loquele
253 3535 331 3583 estoit
342 3535 450 3610 knrquie'
463 3551 479 3583 n
493 3537 597 3584 wurder'
612 3553 627 3584 ιι
639 3543 724 3600 'grant
744 3539 832 3648 Eleate
850 3537 881 3584 de
899 3538 1036 3593 Lenibus,
1050 3537 1095 3584 des
1109 3553 1173 3600 gens
1186 3537 1217 3583 de
1231 3539 1254 3585 le

135 3599 191 3708 lrie
208 3598 252 3707 «aui
264 3598 317 3707 sileo
335 3604 446 3706 estollent
463 3599 577 3708 touttiuti.
593 3601 629 3648 Lu
644 3615 672 3646 se
685 3616 743 3709 goim
765 3599 860 3709 sitirent
871 3599 891 3708 13
904 3600 1107 3709 Lombgrtdetlee
1119 3606 1255 3710 portertent

156 3676 198 3708 ren
231 3674 324 3709 econ
356 3676 392 3709 ur
435 3677 514 3708 suren
539 3677 553 3709 e
576 3678 608 3708 en
652 3677 684 3710 eu
727 3677 848 3710 emorse
893 3677 1014 3709 ennvrs
1049 3678 1062 3708 e
1093 3678 1143 3709 une
1175 3679 1242 3709 ore

136 3724 170 3772 de
182 3723 283 3778 l'nntre,
302 3675 369 3771 meis
382 3723 402 3770 it
414 3677 445 3770 iic
458 3726 515 3771 leur
524 3724 599 3772 volut
610 3677 690 3774 ricus.
710 3725 761 3774 Cer
773 3727 797 3772 le
815 3725 865 3772 rile
885 3725 910 3772 iu
927 3724 1057 3788 wnegnie,
1069 3731 1095 3772 et
1105 3679 1218 3788 turgent
1234 3726 1254 3773 li

136 3787 261 3834 Flumenc
273 3791 300 3833 et
311 3785 412 3849 l'eglise
423 3802 511 3844 croco,
523 3793 548 3833 et
558 3787 661 3850 prisent
672 3786 785 3850 l'ymoge
797 3786 828 3834 de
840 3787 909 3834 seint
921 3788 1003 3849 Loeys
1015 3791 1039 3833 et
1047 3785 1066 3834 li
1078 3794 1221 3896 conferent
1230 3788 1254 3835 le

134 3856 204 3896 teste
216 3864 262 3896 ens
275 3865 291 3895 u
306 3847 419 3896 merkiet
431 3864 446 3895 ιι
462 3849 643 3896 The'ronenne.
660 3850 690 3896 Et
702 3850 783 3896 ndont
799 3849 856 3896 vict
867 3849 935 3896 l'une
950 3849 1035 3912 partie
1047 3849 1093 3896 des
1106 3850 1125 3898 F
1138 3865 1227 3898 emens
1239 3867 1254 3900 ιι

136 3910 326 3960 seint-Vennnt
337 3915 361 3957 et
374 3916 468 3972 argent
479 3912 503 3958 lc
515 3911 567 3958 vile
581 3918 607 3958 et
617 3913 717 3960 olerent
729 3917 803 3959 outre
817 3927 832 3958 ιι
845 3911 904 3959 lire
918 3927 986 3974 pour
998 3911 1068 3959 assir
1079 3911 1104 3958 le
1117 3911 1176 3967 vile,
1192 3918 1218 3959 ot
1234 3912 1253 3960 li

135 3973 321 4020 connestubles
329 3979 356 4020 st
368 3989 410 4020 ses
421 3989 485 4033 gens
494 3989 525 4020 en
534 3973 645 4021 estcient
655 3973 723 4036 perti
733 3980 758 4022 et
766 3975 807 4022 olo
815 3976 830 4020 n
839 3973 963 4026 Be'tlrune.
977 3975 1030 4022 fors
1040 3973 1163 4022 messires
1172 3973 1254 4023 Gilles

137 4036 170 4082 de
183 4034 345 4084 llevellterke
359 4042 385 4082 et
399 4035 452 4082 cbil
467 4035 511 4100 qui
526 4035 632 4084 uvoient
642 4037 667 4083 le
677 4036 729 4084 vile
744 4036 842 4099 empris
858 4051 873 4084 n
887 4036 997 4084 werder.
1014 4035 1040 4082 Si
1051 4036 1208 4098 argentonii
1222 4037 1254 4084 de

137 4099 162 4146 le
174 4097 225 4144 vile
237 4098 308 4145 leurs
318 4097 467 4151 lcurbonrs,
481 4104 507 4145 et
518 4099 536 4144 li
549 4099 671 4146 Flumenc
679 4098 765 4146 virent
776 4099 836 4146 bien
849 4098 913 4162 qu'il
922 4115 952 4146 ne
965 4098 1100 4162 porroient
1110 4098 1160 4146 mie
1172 4113 1254 4160 gruu-

138 4166 210 4208 ment
218 4159 283 4208 lnire
291 4159 322 4206 (lc
335 4160 397 4214 mel.
409 4175 453 4207 cnr
461 4159 479 4207 il
491 4160 549 4208 n'en
557 4177 573 4222 y
582 4161 653 4208 uvoit
661 4160 734 4208 o'une
742 4161 835 4226 partie,
845 4167 871 4208 et
880 4161 973 4208 l'eutre
982 4161 1060 4210 estoit
1068 4161 1160 4208 devere
1170 4160 1255 4208 Scint-

137 4223 226 4276 Omer‚
241 4227 266 4270 et
279 4222 332 4270 s'en
344 4239 361 4284 y
376 4221 447 4270 croit
462 4223 524 4270 evnl
537 4222 561 4270 le
573 4227 642 4286 puls,
655 4223 699 4288 qui
713 4228 769 4272 tout
783 4223 924 4271 westoient
936 4229 961 4270 et
977 4223 1097 4286 crgoient
1109 4224 1147 4270 les
1167 4222 1252 4277 villos,

138 4291 164 4332 et
176 4290 268 4332 eurent
281 4283 333 4331 cbil
345 4284 377 4331 de
395 4285 559 4333 Sciet-Omer
576 4285 621 4332 des
639 4301 742 4346 essens,
761 4293 786 4332 ct
804 4292 898 4350 argent
910 4287 941 4332 de
959 4287 1029 4334 leurs
1049 4285 1188 4333 lourbours
1205 4301 1254 4334 unc
