3154 5190
137 445 200 494 1306
519 445 668 494 annates
686 445 880 494 GANDENSES
1231 447 1261 492 89

138 562 279 653 mingis',
302 577 397 628 erant
411 562 534 628 milites
557 587 623 626 non
644 576 710 626 tarn
741 586 871 651 magne
885 562 1124 650 reputationis,
1142 562 1260 628 videli-

138 678 193 730 cet
221 666 389 730 lohannes
417 668 524 744 Kane,
557 665 704 755 prudens
732 677 764 728 et
786 665 955 728 animosus
982 664 1076 728 miles
1106 665 1147 728 de
1173 677 1261 728 terra

136 767 332 846 Brabantie‚
353 769 522 852 lohannes
539 768 580 832 de
599 769 780 842 Scornac0‚
799 766 968 830 Gerardus
987 765 1028 830 de
1048 768 1258 854 Zottegbern,

136 869 340 934 castellanus
365 869 555 936 Gandensis
591 884 623 934 et
648 871 818 934 Gerardus
842 871 990 934 Maurus,
1022 868 1080 934 lsti
1105 883 1258 956 quatuor,

136 972 188 1035 vel
211 972 412 1061 quandoque
433 986 500 1036 tres
523 972 574 1036 vel
603 973 685 1050 duo,
711 995 785 1036 cum
811 971 1084 1059 procuratoribus
1110 970 1259 1036 villarum

136 1073 295 1138 Flandrie
312 1075 352 1138 ad
368 1076 493 1138 curiam
511 1075 600 1162 regis
617 1088 650 1138 et
666 1074 871 1162 parlamenta
892 1073 997 1161 ipsius
1020 1087 1258 1162 properanteS,

136 1177 257 1264 partim
276 1176 388 1254 minis,
410 1178 530 1265 partim
553 1176 786 1242 fraudulentiis
803 1191 836 1240 et
851 1176 983 1241 astutiis
1002 1177 1202 1242 arbitrorum
1221 1199 1260 1239 ex

135 1293 232 1366 parte
259 1281 360 1368 regis,
392 1279 567 1367 quamdam
593 1280 736 1348 litteram
767 1279 1018 1366 sigillaverunt,
1051 1279 1257 1356 nescientes,

135 1381 219 1468 quid
235 1381 268 1444 in
290 1405 326 1445 ea
348 1383 508 1470 scriptum
528 1396 615 1458 erat,
638 1381 672 1445 in
695 1405 759 1470 qua
780 1382 1040 1446 continebantur
1059 1381 1159 1445 multa
1179 1404 1260 1446 con-

134 1483 238 1547 traria
268 1483 479 1548 libertatibus
495 1484 762 1573 Flamingorum‚
793 1496 910 1572 etque
933 1483 1031 1548 etiam
1053 1484 1261 1548 excedebant

138 1584 274 1649 sormam
293 1586 396 1674 pacis,
412 1609 477 1675 que
496 1587 543 1650 eis
560 1590 653 1674 juxta
668 1587 798 1651 Insulas
819 1586 960 1650 dabatur
981 1586 1126 1674 intelligi
1139 1588 1162 1650 ¹.
1184 1585 1260 1650 Fuit

137 1689 227 1751 enim
256 1688 290 1753 in
329 1713 365 1752 ea
397 1689 571 1777 scriptum,
610 1686 699 1776 quod
734 1689 936 1753 munitiones
959 1713 1074 1753 omnes
1098 1690 1261 1753 deberent
1339 1717 1341 1721 ’

137 1789 281 1873 destrui;
300 1792 389 1879 quod
413 1794 604 1881 Brugenses
629 1792 726 1855 etiam
751 1791 870 1856 darent
891 1791 953 1855 tria
972 1791 1073 1855 millia
1095 1789 1258 1879 peditum,

137 1916 241 1981 super
271 1893 425 1982 proprias
451 1917 614 1981 expensas
640 1894 681 1957 de
705 1894 973 1957 malefactoribus
1007 1894 1092 1971 suis,
1120 1893 1175 1980 qui
1200 1916 1260 1980 per

134 2019 238 2058 unum
259 2018 380 2058 annum
405 2009 533 2073 essent,
557 1995 690 2083 quando
712 1995 785 2085 regi
806 1995 963 2084 placeret,
988 1997 1019 2060 in
1046 1995 1260 2084 expeditione

133 2121 259 2186 guerre
284 2100 376 2174 sucl,
407 2111 440 2161 et
467 2098 601 2186 quando
630 2097 811 2188 indigeret,
839 2111 872 2162 et
897 2100 985 2186 qnod
1010 2111 1078 2162 tota
1104 2097 1258 2162 Flandria

134 2199 238 2263 simili
271 2200 369 2264 modo
390 2200 485 2264 daret
508 2199 571 2264 sibi
594 2214 769 2266 sexcentos
789 2202 961 2288 equites3;
982 2201 1072 2289 quod
1093 2200 1209 2275 etiam,
1232 2199 1260 2263 si

134 2301 259 2389 aliquis
283 2302 540 2366 Flandrensium
561 2301 748 2367 offenderet
768 2303 962 2368 notabiliter
979 2303 1012 2366 in
1033 2303 1142 2391 aliqua
1166 2301 1259 2365 villa·

134 2429 210 2468 rum
243 2404 400 2470 Flandrie
430 2404 574 2493 aliquem
606 2405 647 2468 de
681 2406 902 2470 servientibus
932 2419 966 2468 et
998 2405 1120 2469 familia
1152 2402 1256 2494 regis,

133 2506 248 2570 statim
264 2506 317 2570 illa
332 2506 406 2571 villa
424 2521 512 2571 esset
529 2508 590 2572 sub
604 2507 832 2595 ecclesiastico
853 2508 1067 2584 interdicat,
1091 2520 1124 2571 et
1144 2531 1259 2570 omnes

135 2609 285 2680 faventes
310 2610 357 2674 illi
378 2609 553 2700 Flamingo
580 2624 692 2674 essent
714 2609 1003 2674 exeommunicati.
1031 2610 1134 2675 Multa
1160 2609 1258 2673 etiam

134 2711 285 2776 enormia
302 2712 362 2776 alia
391 2713 524 2776 suerunt
548 2715 579 2776 in
607 2737 643 2776 ea
665 2714 872 2799 conscripta,
895 2725 927 2777 et
948 2737 1007 2800 per
1025 2713 1157 2777 modum
1178 2711 1259 2775 dieti

135 2815 206 2878 sive
240 2814 404 2878 sententie
432 2829 506 2878 octo
533 2815 746 2879 arbitrorum.
786 2817 858 2896 Que
884 2815 993 2879 littera
1028 2839 1101 2878 cum
1145 2814 1261 2878 suisset

135 2917 431 2981 communitatibus
462 2919 682 2995 manifestata,
709 2917 846 2982 multum
869 2931 946 2982 sunt
971 2917 1039 2980 suis
1065 2916 1201 2982 arbitris
1227 2929 1261 2979 et

135 3019 417 3106 procuratoribus«
440 3020 674 3108 indignantes,
704 3020 960 3107 respondentes,
979 3020 1122 3108 seprius
1143 3042 1259 3082 onmes

136 3121 239 3198 mori,
265 3135 441 3210 antequam
468 3146 503 3185 se
526 3122 694 3187 addictas
715 3122 913 3187 servilitates
944 3121 1142 3210 obligarent,
1171 3121 1258 3186 unde

168 3424 190 3472 1.
210 3424 244 3470 Ce
267 3425 391 3486 pre'tendu
412 3425 488 3472 truite
505 3425 536 3471 de
557 3426 630 3478 title,
646 3426 841 3488 gener-alemant
858 3426 895 3472 dit
921 3425 952 3472 de
971 3427 1124 3488 Marquette,
1146 3425 1188 3471 n'u
1210 3441 1259 3488 pus

135 3485 226 3534 existe.
241 3486 279 3534 Cf.
292 3487 386 3533 l'e'etude
399 3491 539 3534 consueree
552 3491 566 3535 a
580 3494 645 3535 cette
655 3489 774 3551 question
793 3488 858 3534 dans
869 3489 906 3534 les
918 3487 1142 3548 Me'longesllavet,
1158 3504 1184 3549 p.
1200 3490 1259 3535 749-

134 3553 175 3596 58.
190 3575 218 3585 -
234 3549 254 3596 ll
268 3549 346 3610 s'ngit
358 3549 423 3595 dans
442 3551 479 3595 les
496 3550 581 3612 lignes
596 3551 729 3596 suivantes
742 3550 777 3596 du
791 3548 892 3597 celebre
906 3551 983 3596 truite
999 3550 1258 3612 d'rttbis-sur-Orge,

135 3611 215 3658 scelte
228 3627 258 3658 en
272 3611 329 3673 juin
347 3612 415 3658 1305.
435 3612 520 3659 L’uete
539 3619 579 3658 est
597 3613 687 3675 publia
705 3629 753 3675 par
771 3614 803 3660 M.
818 3613 1014 3660 Gilliodts-Van
1028 3616 1148 3658 Severen.
1163 3615 1257 3658 Inveni.

134 3674 181 3720 des
197 3673 358 3719 Archimede
369 3674 395 3720 la
407 3691 427 3720 ν,
440 3674 471 3719 de
484 3677 589 3737 Bruges,
605 3677 624 3728 l,
639 3677 739 3722 278-89.

168 3737 191 3781 2.
210 3737 244 3783 Ge
257 3736 332 3799 point
342 3735 407 3782 n'est
419 3752 466 3798 pas
478 3744 559 3783 exuet.
571 3738 678 3800 D’npres
687 3738 710 3783 le
723 3736 800 3784 truite
814 3736 924 3791 dttthis,
937 3737 975 3782 les
988 3735 1115 3798 Brugeois
1129 3735 1258 3791 devuient,

134 3815 167 3845 en
181 3798 313 3860 expintion
326 3797 372 3844 des
387 3798 510 3856 Matines,
528 3815 642 3862 envoyer
655 3800 719 3846 trois
736 3799 806 3846 mille
820 3800 865 3845 des
881 3800 951 3846 leurs
966 3826 993 3834 -
1010 3801 1025 3844 a
1038 3797 1161 3861 designer
1174 3815 1223 3860 par
1236 3800 1259 3844 le

135 3859 185 3908 noi
197 3887 227 3896 -
242 3876 272 3906 en
286 3860 446 3922 p'elerinuge.

168 3925 182 3969 3
210 3940 222 3968 a
244 3924 274 3971 Et
294 3938 422 3985 avecques
436 3939 472 3974 ce.
490 3923 554 3969 ledit
566 3930 640 3970 notre
659 3923 724 3970 sires
745 3924 763 3970 li
775 3923 835 3970 Rois
849 3939 914 3969 nuru
936 3924 981 3969 des
1003 3923 1124 3969 Flamens
1146 3923 1182 3969 sis
1199 3939 1259 3968 sena

134 3985 228 4032 homes
241 3985 353 4032 d’armes
367 4002 381 4031 a
394 3985 429 4031 lui
444 3984 528 4032 servir
539 4002 571 4032 uu
586 3991 659 4040 nnec,
671 4003 703 4032 au
717 3987 781 4040 leur,
801 4003 831 4032 en
845 3987 956 4048 quelque
967 3986 1019 4032 lieu
1033 4001 1083 4048 que
1094 3986 1112 4032 il
1125 4002 1155 4032 en
1169 4001 1233 4031 nuru
1244 4001 1259 4031 n

137 4048 204 4094 taire
216 4064 237 4094 a.
253 4048 339 4095 Treite'
353 4047 461 4094 damis.

168 4111 190 4156 (a.
210 4111 321 4157 lnexnet.
332 4115 366 4157 Le
380 4110 456 4157 truite
469 4109 569 4156 d'Atbis
584 4136 611 4145 —
624 4110 679 4157 redi
701 4113 754 4157 e'en
767 4110 822 4157 cela
836 4126 882 4156 sur
894 4109 918 4155 lc
933 4109 1034 4156 mod'ele
1047 4109 1082 4155 du
1095 4109 1259 4157 vieuxtraite

135 4171 169 4217 de
183 4172 276 4221 Melan.
291 4172 382 4219 eonelu
396 4179 468 4219 entre
482 4173 520 4218 le-¹
537 4187 614 4217 eonrs
633 4172 663 4217 de
681 4127 779 4218 laniare
792 4179 817 4218 et
832 4172 863 4217 de
881 4171 991 4218 Flandro
1009 4188 1038 4216 en
1054 4172 1114 4217 1996
1124 4199 1154 4206 —
1169 4186 1258 4216 meua-

135 4233 189 4291 euit
199 4233 365 4298 sirnplement
377 4235 654 4282 d'excommunieation
668 4251 730 4280 ‹reux
741 4237 784 4297 qni
799 4235 1004 4280 eritreindraient
1017 4235 1054 4280 les
1068 4233 1214 4280 conditione
1227 4234 1258 4279 de

136 4297 162 4343 ln
176 4297 245 4360 pnix.
