3178 5192
108 433 168 482 1301
488 429 637 480 auulsas
655 428 849 480 GANDENSES
1198 429 1227 477 13

106 550 207 614 etiam
230 547 371 612 militum
397 547 622 636 captivorum,
651 560 684 611 et
709 547 795 610 filios
817 545 1005 612 occisorum
1028 547 1062 609 in
1087 546 1228 611 diversis

105 649 221 739 preliis
245 663 279 715 et
301 650 552 728 obsidionibus,
579 663 612 714 et
631 649 804 738 potissime
826 661 997 714 manentes
1023 661 1113 712 extra
1134 649 1228 712 villas

106 751 311 840 principales
344 754 489 842 graviter
524 751 661 830 afflixit,
697 751 933 838 nitebaturque
968 763 1072 815 totam
1107 762 1229 816 terram
1300 813 1304 822 ,

106 854 260 944 redigere
276 855 309 918 in
325 854 498 919 maximam
515 854 721 931 servitutem,
739 867 771 918 et
785 878 899 918 omnes
915 851 1114 918 adnihillare
1130 853 1229 918 liber·

105 969 209 1037 tates;
227 957 315 1022 unde
331 960 436 1022 sactus
451 970 501 1022 est
522 957 647 1046 populo
662 970 751 1022 terre
767 955 892 1020 invisus
912 967 947 1020 et
963 955 1099 1021 odiosus
1111 955 1132 1020 ¹.

607 1251 734 1316 1301.

151 1471 251 1537 Anno
279 1471 415 1536 Domini
445 1473 648 1550 .M.CCC.l.,
681 1472 767 1536 oiroa
801 1471 899 1535 finem
932 1471 1024 1548 Maii,
1055 1471 1145 1536 venit
1175 1495 1232 1536 rex

109 1574 285 1662 Philippus
304 1598 379 1638 cum
401 1573 517 1664 regina
540 1577 700 1652 Navarre,
721 1599 820 1638 uxore
842 1597 917 1653 sua,
939 1587 1107 1662 tamquam
1126 1597 1231 1638 novus

109 1675 267 1764 princeps
284 1690 318 1740 et
333 1676 569 1742 immediatus‘2
584 1675 751 1755 dominus,
774 1676 809 1741 in
827 1677 1029 1754 Flandriam,
1049 1691 1081 1741 et
1097 1701 1171 1741 eum
1192 1701 1231 1740 eo

110 1781 197 1844 venit
217 1780 316 1844 etiam
333 1781 513 1857 lohannes,
532 1803 642 1843 comes
661 1779 824 1857 Hauonie‚
842 1779 900 1868 qui
915 1783 1067 1867 patruum
1087 1779 1232 1845 suumin

111 1881 223 1946 multis
244 1881 367 1946 leserat
386 1895 419 1946 et
439 1881 479 1946 de
501 1895 588 1947 terra
608 1906 664 1946 sua
684 1884 815 1970 juverat
837 1881 971 1969 expelli.
1003 1883 1099 1948 Venit
1122 1895 1231 1946 autem

110 2009 164 2048 rex
185 2009 262 2048 erun
285 2008 402 2072 magna
426 2009 547 2073 pompa
567 1998 600 2048 et
619 1984 745 2072 gloria,
765 1984 905 2048 ludendi
927 2007 1024 2048 nausa
1043 1997 1076 2048 et
1095 1983 1232 2049 videndi

108 2100 231 2151 terram
245 2100 278 2151 et
294 2088 435 2174 optimas
454 2086 549 2150 villas
565 2086 742 2165 Flandrie;
764 2087 821 2150 sed
838 2086 936 2151 ludus
955 2088 1017 2151 iste
1033 2086 1098 2150 sibi
1117 2100 1150 2151 et
1164 2085 1232 2150 suis

110 2202 222 2276 postea
240 2188 302 2253 suit
318 2213 414 2253 causa
432 2201 464 2252 et
478 2187 610 2285 occasio
628 2189 814 2252 tristissimi
830 2201 863 2252 et
876 2187 1063 2278 gravissimi
1079 2202 1230 2253 eventus.

110 2291 208 2358 Venit
228 2290 317 2355 enim
333 2292 442 2378 primo
462 2293 624 2369 Boanum,
646 2291 768 2355 deinde
789 2291 946 2369 Insulam,
968 2304 1082 2378 postea
1102 2291 1232 2356 Ganda-

110 2417 196 2458 vam.
212 2392 410 2459 Gandenses
429 2406 537 2458 autem
554 2393 737 2458 honorifice
754 2393 818 2457 sibi
834 2393 963 2458 obviam
979 2406 1230 2481 processerunt,

111 2520 224 2560 omnes
244 2495 339 2559 novis
355 2494 563 2560 vestimentis
578 2495 698 2573 induti,
718 2498 859 2582 majores
876 2495 1006 2559 duobus
1021 2495 1140 2573 modis,
1155 2496 1231 2585 quia

112 2597 321 2662 dissidebant
339 2597 426 2661 inter
442 2621 488 2675 se,
510 2611 543 2662 et
558 2597 779 2661 communitas
797 2623 856 2662 suo
878 2598 995 2677 m0d0;
1017 2599 1233 2685 feceruntque

113 2700 173 2764 sibi
195 2700 295 2765 ludos
317 2699 479 2778 diversos,
503 2713 536 2764 et
552 2700 680 2763 scabini
704 2701 869 2764 miseruut
886 2699 950 2764 sibi
971 2701 1086 2765 exenia
1105 2701 1233 2789 magni·

114 2803 170 2866 fica
196 2815 232 2866 et
261 2802 407 2890 copiosa.
441 2803 576 2868 Scabiui
607 2801 710 2890 igitur
738 2815 771 2866 et
803 2806 944 2890 majores
975 2802 1172 2868 Gandenses
1199 2803 1232 2867 iu

114 2904 237 2969 exeniis
261 2903 371 2968 missis
393 2903 465 2995 regi
487 2917 520 2968 et
540 2903 674 2994 regine,
695 2918 730 2968 et
752 2904 943 2969 hastiludiis
962 2928 1023 2993 pro
1044 2904 1127 2993 ipsis
1145 2904 1234 2968 eele-

113 3006 227 3086 bratis,
246 3007 330 3071 bene
346 3008 579 3095 expenderunt
594 3030 698 3094 usque
713 3006 754 3070 ad
773 3008 917 3073 .XXVll.
939 3005 1039 3072 millia
1056 3006 1230 3071 librarum.

145 3281 167 3329 l.
184 3281 256 3328 Cette
270 3281 378 3345 opinion
391 3299 406 3329 a
419 3285 458 3329 ele
469 3282 533 3329 celle
546 3281 578 3329 de
590 3288 649 3328 tous
659 3282 697 3328 les
710 3281 901 3344 chroniqueurs
913 3282 943 3330 de
955 3283 1083 3346 l'epoque,
1094 3285 1176 3330 nieme
1188 3281 1234 3328 des

114 3341 302 3406 ehroniqueurs
316 3343 438 3406 frangeis.
450 3345 532 3400 Volci,
544 3360 593 3407 par
602 3344 729 3407 ‘exemple
745 3344 945 3407 l'appreci'ution
960 3344 991 3392 de
1004 3343 1086 3393 Geoff.
1102 3344 1134 3392 de
1149 3344 1233 3392 Puris.

424 3459 513 3508 Misire
525 3461 638 3523 lacques
651 3459 682 3507 de
696 3458 848 3507 Suiat-Polx

426 3523 453 3570 Si
467 3524 494 3570 fu
507 3539 584 3570 cause
598 3523 630 3570 de
642 3529 698 3570 cest
709 3529 818 3585 outrage.

424 3585 475 3632 Pur
489 3591 633 3642 coustume,
647 3601 697 3648 par
712 3585 765 3632 mal
778 3601 860 3648 usage

425 3647 493 3702 Qu'il
506 3653 551 3695 vot
563 3665 594 3696 en
610 3647 736 3696 Flandres
750 3647 852 3706 alerem

424 3710 459 3758 Ce
475 3710 520 3758 fist
531 3710 569 3757 les
582 3709 704 3757 Flumens
718 3711 828 3758 eslever.

425 3773 476 3819 Pur
489 3772 592 3819 avariae
606 3778 631 3819 et
643 3772 788 3819 convoitiss

424 3835 459 3882 Lu
471 3850 566 3898 guerre
580 3836 606 3881 lu
620 3849 651 3881 en
665 3834 778 3882 Flundre
790 3833 864 3880 mise.

655 3925 685 3970 D.
700 3925 823 3987 Bouquet,
838 3923 914 3980 xxn,
929 3925 967 3979 93,
981 3923 1039 3970 J·K.

147 4037 217 4086 Certe
234 4038 340 4102 opinion
361 4037 427 4086 n'est
445 4039 592 4102 rependunt
606 4055 654 4101 pas
675 4039 814 4086 confirmes
832 4055 881 4102 par
902 4039 997 4086 l'dtnde
1016 4039 1061 4086 des
1082 4039 1234 4087 documents

120 4099 176 4160 qa’a
187 4101 282 4148 luisses
296 4100 529 4148 l'udminislrutiou
541 4101 573 4148 de
585 4102 657 4164 Jaeq.
674 4101 705 4148 de
719 4101 860 4148 chutillon.

148 4162 169 4208 2.
187 4163 261 4210 Valla
277 4163 446 4226 l'expression
463 4169 559 4212 exacte.
576 4163 697 4227 philippe
713 4164 736 4210 le
752 4164 798 4210 Bel
815 4163 878 4210 stult
895 4171 1060 4227 aupuravant
1072 4165 1096 4212 le
1114 4163 1232 4210 sazerain

119 4221 148 4268 de
162 4223 187 4270 la
198 4225 311 4273 Flundre
322 4224 595 4289 parl'intermedim're
607 4226 642 4274 du
657 4231 741 4272 comte
754 4225 803 4273 Gui
818 4225 850 4274 de
863 4226 1025 4290 Dnmpierre,
1039 4243 1085 4274 son
1101 4226 1189 4274 vassnl
1197 4243 1202 4283 ;
1214 4225 1233 4271 il

120 4299 146 4332 ss
157 4287 291 4336 considere
303 4290 438 4352 tprtseat
450 4303 550 4337 comme
563 4290 586 4336 lo
598 4288 717 4336 sazerain
731 4287 875 4337 immtdiat.
894 4295 898 4308 ’·
