3154 5190
101 477 167 546 stol
484 469 633 544 adustus
652 471 846 544 cincuns'u's
1195 474 1225 546 el

99 629 174 679 erat
193 616 296 704 ruajor
313 613 422 682 virtus,
438 612 652 691 bellatorum,
683 625 715 678 et
738 611 772 676 in
794 612 932 677 navibus
949 611 1134 678 minoribus
1156 637 1225 678 me·

100 717 167 781 lius
187 741 286 807 quam
302 717 416 781 hostes
428 728 499 780 erat
514 713 687 803 provisus;
705 713 864 780 —tertio
879 713 914 778 iu
931 715 1009 792 hoo,
1028 715 1130 803 quod,
1150 739 1225 782 oum

100 819 194 884 bello
210 819 331 884 amisso
347 818 463 909 lugere
480 817 658 906 potuisset,
681 841 748 882 non
764 816 866 907 fugit3
889 829 1021 905 poterat
1039 816 1128 882 enim
1148 841 1226 906 pre-

100 921 211 988 sentia
232 947 290 986 sua
314 920 477 986 exercitui
506 919 718 1000 Flandreusi,
750 933 783 984 et
813 919 904 984 brevi
930 933 1047 1008 postea
1075 933 1226 1007 tempore

100 1048 179 1089 com
201 1047 279 1116 rege
299 1023 424 1088 bellum
445 1022 683 1101 commissuro,
704 1020 738 1086 in
760 1020 873 1086 multis
891 1021 1057 1109 profuisse
1076 1037 1109 1088 et
1127 1022 1227 1088 etiam

100 1125 267 1191 ininsula
295 1126 484 1192 Scoudeusi
501 1125 768 1204 remanentibus,
797 1123 854 1212 qui
879 1137 975 1190 erant
1000 1125 1100 1192 electi
1122 1126 1227 1191 bella·

100 1241 207 1309 tores,
229 1227 448 1294 succurrisse.
470 1229 549 1296 Nou
566 1228 614 1292 sic
627 1228 697 1317 egit
709 1226 817 1292 victor
834 1228 940 1307 orbis,
962 1227 1090 1316 primus
1111 1230 1226 1294 Roma·

102 1355 224 1397 norum
245 1332 428 1420 imperator
450 1329 556 1396 Julius
584 1330 686 1396 Gaius
719 1331 836 1409 Cesar,
859 1329 990 1417 quibis
1016 1355 1034 1394 a
1062 1331 1226 1398 Cassivel-

100 1433 218 1514 launo,
236 1432 371 1522 majoris
387 1432 561 1498 Britannis
579 1457 671 1522 rege,
694 1445 728 1498 et
743 1431 938 1498 Britonibus
952 1433 1059 1498 victus
1078 1447 1113 1500 et
1133 1435 1227 1525 luga-

101 1550 171 1616 tus,
199 1559 267 1602 nou
283 1561 318 1601 se
339 1535 414 1623 oapi
429 1535 595 1624 permisit,
618 1534 677 1599 sed
703 1533 802 1600 tertio
826 1531 960 1600 rediens
987 1559 1048 1624 per
1070 1561 1171 1617 mare,
1195 1551 1228 1602 et

103 1637 233 1704 dictum
263 1662 377 1729 regem
408 1661 483 1702 cum
522 1635 717 1703 Britonibus
748 1661 920 1726 superans,
962 1635 1055 1726 ipsos
1084 1639 1227 1728 imperio

102 1743 333 1808 Romanorum
362 1741 565 1830 subjugavit.
598 1737 856 1829 Magnanimitas
887 1763 967 1832 ergo
1002 1739 1168 1807 Guidonis
1196 1755 1229 1808 et

101 1843 316 1924 animositas,
337 1841 499 1908 fortitudo
523 1855 557 1907 et
575 1841 782 1930 pulcritudo,
804 1841 984 1931 prudentia
1006 1867 1074 1910 nou
1095 1857 1224 1927 ornate,

104 1947 268 2011 informes
284 1945 317 2010 in
339 1970 378 2011 eo
394 1958 490 2010 eraut
503 1958 536 2019 et
551 1944 724 2010 indecore.

149 2051 267 2138 Itaque
295 2060 433 2116 eventus
457 2045 574 2113 infelix
593 2045 759 2113 Guidonis
783 2045 947 2124 letificans
974 2062 1006 2115 et
1025 2051 1227 2119 contristans

103 2153 256 2218 velocius
283 2165 315 2216 et
339 2149 485 2216 velocius
506 2149 651 2216 inimicis
676 2153 748 2238 ejus
775 2150 923 2216 innotuit
951 2164 985 2217 et
1010 2152 1139 2220 amicis.
1159 2156 1229 2220 Rex

106 2255 197 2320 euim
215 2267 248 2319 et
268 2251 332 2332 sui,
351 2253 407 2342 qui
425 2252 518 2342 prius
543 2275 692 2318 rumores
711 2252 753 2319 de
768 2277 807 2318 eo
830 2266 863 2320 et
880 2252 920 2319 de
937 2275 1073 2322 suorum
1090 2255 1229 2322 victoria

106 2357 139 2422 in
175 2356 335 2422 Zelsudia
371 2355 567 2436 audierunt,
611 2355 790 2444 plurimum
825 2354 949 2447 gavisi,
990 2359 1169 2424 confortati
1197 2369 1229 2424 et

106 2460 244 2525 animati
254 2471 350 2538 s‘unt3
370 2459 488 2523 fratres
507 2470 618 2523 autem
633 2470 667 2523 et
681 2457 778 2523 amici
791 2457 971 2539 Guidonis,
987 2459 1229 2550 aliquantulum

104 2562 235 2628 tardius
251 2561 358 2627 dictos
375 2585 525 2626 rumores
545 2560 789 2650 intelligentes,
807 2561 995 2627 contristati
1013 2577 1090 2630 suut
1110 2577 1143 2630 et
1156 2589 1229 2632 exe·

108 2665 248 2730 corbati.
266 2663 363 2729 Unde
381 2687 437 2728 eos
452 2676 612 2751 quantum
624 2674 780 2752 poterant
794 2663 955 2744 celantes,
974 2689 1015 2732 ne
1031 2665 1065 2732 in
1082 2667 1229 2734 exercitu
1266 2699 1268 2704 ¹

108 2791 225 2832 eorum
236 2766 500 2857 divulgarentur,
514 2765 613 2831 tertio
629 2764 704 2830 die¹
720 2778 798 2854 post
811 2765 1029 2832 infortunium
1049 2768 1228 2846 Guidonis,

109 2869 232 2934 acriter
247 2891 322 2934 oum
334 2869 403 2934 suis
419 2868 544 2958 paratis
560 2867 601 2932 ad
619 2867 812 2934 bellandum
828 2868 989 2935 exercitui
1005 2871 1093 2960 regis
1112 2895 1231 2962 apprc-

109 2972 325 3061 pinquantes,
350 2969 479 3036 scilicet
502 2969 582 3035 feria
607 2971 723 3058 quinta
746 2970 914 3058 sequenti,
939 2995 1003 3061 que
1024 2986 1095 3039 erat
1119 2974 1231 3040 idibus

110 3074 289 3164 Augusti2,
320 3072 430 3162 ipsum
461 3073 503 3137 ad
536 3072 680 3162 prelium
713 3074 951 3163 provocabant.
984 3076 1082 3157 Quod
1112 3077 1229 3144 Franci

110 3177 275 3256 videntes,
297 3174 410 3241 statim
431 3201 465 3242 se
481 3175 523 3242 ed
538 3175 665 3241 bellum
679 3177 855 3264 parabant,
873 3176 961 3242 acies
979 3203 1055 3244 suas
1071 3179 1232 3246 ordinan-

113 3292 177 3359 tes;
204 3301 347 3368 eumque
371 3279 438 3343 duo
458 3279 598 3343 hostiles
621 3279 786 3344 exercitus
808 3278 856 3344 sio
877 3278 1026 3346 ordinati
1050 3283 1232 3348 intantum

113 3394 223 3446 essent
238 3380 433 3470 propinqui,
456 3381 545 3470 quod
565 3380 730 3446 balistarii
746 3380 845 3446 unius
865 3384 1032 3449 exercitus
1049 3385 1084 3450 in
1101 3386 1234 3475 opposi·

115 3493 179 3548 tum
209 3506 267 3548 soa
300 3483 429 3572 spicula
461 3496 618 3572 poteraut
640 3483 800 3572 jaculari,
837 3497 871 3549 et
892 3486 957 3552 hoc
986 3509 1070 3575 opus
1097 3487 1232 3577 quidem

116 3585 275 3652 balisterii
292 3585 562 3665 Flaudrensium,
577 3586 843 3652 desiderantium
855 3586 992 3668 bellum,
1006 3589 1232 3679 incepissent:

117 3710 171 3752 rex
196 3701 231 3754 et
248 3687 431 3754 consiliarii
452 3690 504 3753 sui
525 3689 617 3769 dolo,
635 3714 701 3778 quo
727 3702 823 3769 suut,
853 3691 949 3778 quasi
971 3691 1172 3760 mediatores
1194 3694 1236 3760 ad

116 3790 285 3880 principes
312 3790 570 3860 Flaudrensium
590 3791 741 3872 mittunt,
762 3805 917 3883 rogantes
933 3793 1236 3863 balistariosFlan-

117 3891 268 3972 dreoses,
288 3893 378 3982 quod
403 3893 571 3959 modicum
596 3907 841 3984 exspectarent,
864 3895 1043 3962 innuentes
1064 3923 1099 3964 se
1123 3901 1237 3968 venire

118 3993 157 4059 ad
174 3996 384 4061 tractandum
403 3996 444 4061 de
460 4020 554 4085 pace,
575 3997 838 4085 quesieruntque
856 3999 898 4062 ab
914 3995 996 4087 ipsis
1011 4000 1235 4093 principibus,

147 4229 168 4276 l.
187 4229 362 4294 Lappenherg
394 4247 573 4296 accompagne
592 4249 635 4280 ces
658 4239 726 4280 mots
747 4233 779 4282 de
800 4233 826 4281 lo
858 4242 918 4282 note
935 4236 1055 4286 sulcante
1081 4255 1086 4286 :
1117 4257 1129 4286 a
1155 4242 1238 4288 Immo

120 4292 239 4349 secunda,
251 4294 277 4340 ni
291 4296 356 4342 forte
370 4295 547 4344 Romanorum
558 4311 630 4344 more
642 4295 731 4359 ipsum
744 4295 881 4344 infortunii
893 4297 962 4346 diem
976 4302 1093 4363 primum
1105 4303 1171 4352 dixit
1184 4321 1205 4351 o.

149 4353 172 4400 2.
189 4356 275 4412 leudi,
289 4357 319 4403 13
328 4361 390 4404 uolet
402 4357 471 4406 1304.
