3178 5192
322 399 336 444 8
703 395 852 442 ANNALES
871 393 1066 444 GANDENSES
1389 395 1457 442 1298

323 512 462 601 perduci
486 511 526 575 ad
552 510 727 589 ellectum,
754 535 815 574 nec
837 525 904 575 tam
926 510 1072 576 nobilem
1104 511 1213 576 villam
1241 512 1354 601 volens
1380 524 1456 576 tam

324 614 511 703 perniciosa
529 613 774 678 machinatione
793 615 917 700 perire,
936 613 1032 679 aliter
1052 613 1232 702 disposuit.
1253 617 1335 680 Nam
1356 617 1459 680 Gan·

325 718 459 795 densae,
476 717 517 780 de
533 716 691 780 incendio
707 715 801 805 quasi
821 741 887 780 non
904 728 1071 794 curantes,
1091 730 1124 782 et
1138 717 1323 782 custodiam
1342 719 1460 782 bono-

241 815 242 820 *
326 845 396 884 rum
420 845 555 884 suorum
576 821 670 906 quasi
691 819 853 883 oblivioni
869 818 1059 897 tradentes,
1084 818 1254 897 videntes,
1277 821 1365 907 quod
1391 843 1461 908 pro

327 922 500 988 animabus
521 935 553 986 et
570 923 670 986 rebus
691 934 823 1010 tempus
845 933 916 986 erat
936 945 971 984 se
990 921 1207 999 defendendi,
1231 921 1341 986 animo
1363 920 1460 984 virili

328 1050 363 1090 se
381 1025 636 1114 conglobantes
653 1023 782 1088 fortiter
803 1037 837 1088 et
856 1024 1014 1088 audacter
1039 1024 1192 1113 Anglicis
1213 1025 1421 1089 resisterunt
1435 1025 1460 1098 ¹,

328 1152 452 1216 eosque
477 1129 510 1191 in
534 1151 636 1190 linum
658 1150 692 1189 se
713 1126 902 1190 coadunare
926 1126 1176 1213 compulerunt,
1203 1128 1280 1215 qaia
1303 1127 1399 1215 prius
1424 1126 1462 1189 in

329 1229 468 1294 (liversis
494 1227 614 1317 plateis
635 1242 668 1292 et
686 1227 803 1292 viculis
831 1228 977 1316 dispersi
1002 1242 1113 1304 erant,
1136 1241 1235 1316 atque
1261 1229 1345 1293 inl'ra
1369 1229 1463 1314 duos

329 1332 401 1396 dies
434 1330 568 1396 circiter
600 1331 737 1420 triginta
771 1331 900 1418 equites
932 1330 1063 1396 nobiles
1098 1355 1138 1395 ex
1169 1329 1217 1394 eis
1243 1332 1460 1396 occiderunt.

331 1437 443 1524 lpsum
469 1433 567 1498 etiam
593 1458 706 1521 regern
733 1431 996 1512 interfecissent,
1021 1432 1084 1496 nisi
1108 1434 1138 1497 ei
1163 1433 1312 1521 presidio
1337 1433 1465 1498 suisset

332 1538 466 1625 quidam
496 1537 619 1601 nobilis
645 1536 725 1600 baro
750 1535 987 1614 Flandrensis,
1017 1536 1073 1624 qui
1102 1559 1159 1600 eos
1185 1535 1316 1600 blandis
1343 1535 1463 1600 verbis

333 1639 550 1728 compescuit.
580 1642 629 1703 De
655 1638 825 1726 peditibus
852 1661 929 1702 vero
955 1637 1035 1702 dicti
1065 1637 1154 1728 regis
1181 1637 1315 1704 circiter
1342 1639 1461 1703 LXX.

332 1741 434 1805 occisi
447 1755 535 1819 sunt,
546 1741 588 1804 de
598 1741 834 1805 Gaudensibus
847 1753 955 1807 autem
968 1740 1101 1806 circiter
1111 1765 1216 1828 usque
1229 1741 1270 1805 ad
1279 1740 1463 1806 duodecim

334 1843 536 1909 concremati
567 1857 645 1906 sunt
673 1844 714 1907 ab
744 1841 895 1932 Anglicis
927 1883 971 1892 —-
1002 1843 1043 1907 de
1076 1843 1198 1930 quibus
1226 1857 1320 1908 erant
1347 1842 1464 1930 alique

334 1946 491 2012 mulieres
519 1959 551 2010 et
581 1945 684 2032 aliqui
704 1945 799 2034 pueri
822 1985 866 1994 -
888 1957 921 2010 et
950 1945 1006 2010 alii
1032 1945 1091 2009 viri
1122 1944 1257 2010 circiter
1283 1948 1397 2012 .XXV.
1427 1945 1464 2008 in

335 2048 486 2137 predicta
501 2048 576 2112 villa
594 2059 627 2112 et
643 2071 756 2135 pugna
768 2047 974 2111 ceciderunt.
992 2047 1115 2136 Sicque
1132 2045 1278 2135 Anglici,
1296 2047 1464 2112 vilissime

336 2150 479 2228 confusi,
497 2174 572 2214 cum
589 2150 728 2214 maxima
743 2149 931 2213 humilitate
945 2149 1169 2238 postularunt,
1189 2150 1250 2218 sed¹
1268 2148 1331 2213 nisi
1348 2172 1464 2214 comes

337 2267 368 2317 et
387 2252 445 2316 filii
467 2251 517 2316 sui
534 2276 608 2316 cum
626 2251 776 2315 maximis
795 2250 953 2338 precibus
975 2262 1008 2315 et
1023 2249 1252 2316 blandissimis
1270 2251 1465 2316 monitioni-

336 2356 399 2420 bus
415 2355 685 2419 communitatem
701 2352 947 2418 Gandensema
965 2354 1076 2419 lurore
1092 2353 1212 2418 retraxi
1219 2369 1322 2431 ssent,
1344 2377 1464 2418 ornnes

337 2457 498 2548 Anglicos
524 2469 556 2520 et
580 2454 733 2520 homines
760 2457 848 2544 regis
871 2455 922 2521 vel
946 2455 1185 2536 occidissent‘2‚
1214 2457 1264 2522 vel
1287 2480 1361 2520 cnm
1387 2455 1464 2543 ipso

338 2584 417 2649 rege
437 2557 672 2648 captivassent.
1247 2643 1251 2654 ..
1476 2635 1480 2644 ¹

384 2663 480 2726 Circa
508 2661 654 2725 medium
682 2673 791 2726 autem
820 2661 945 2739 Martii,
974 2685 1032 2726 rex
1055 2662 1097 2726 ad
1126 2657 1281 2750 Angliain
1310 2683 1465 2726 reversus

340 2764 423 2830 esr³.
452 2765 620 2827 lohannes
649 2775 682 2828 et
711 2764 839 2842 Guido,
868 2763 929 2827 filii
957 2762 1107 2842 comitis,
1137 2764 1178 2828 ab
1207 2760 1325 2828 eoilem
1361 2787 1463 2852 rege,

340 2865 474 2956 quando
495 2866 556 2930 fuit
573 2867 605 2929 in
624 2866 795 2945 Gandavo,
819 2865 941 2930 milites
964 2865 1039 2931 facti
1059 2879 1148 2930 sunt.

385 2973 422 3034 ln
453 2992 565 3032 mense
592 2967 763 3045 ianuario,
790 2967 957 3058 generalis
978 2967 1137 3056 magister
1158 2967 1406 3056 predicatorum
1431 2980 1466 3031 et

340 3070 508 3163 generalis
530 3069 682 3134 minister
699 3073 853 3135 Fratrum
875 3071 1037 3134 minorum
1058 3094 1075 3134 a
1095 3095 1192 3159 papa,
1213 3095 1274 3160 pro
1291 3071 1466 3136 confirma-

342 3175 435 3239 tione
460 3172 624 3238 dictarum
653 3186 865 3262 treugarum,
891 3172 1041 3238 Gandam
1067 3173 1158 3237 missi
1185 3186 1274 3238 sunt.
1300 3177 1467 3263 Tempore

344 3279 509 3342 dictarum
521 3289 727 3365 treugarum,
740 3299 799 3340 rex
815 3277 954 3341 Francis
966 3275 1042 3340 fecit
1054 3276 1176 3342 muniri
1190 3277 1300 3341 villam
1318 3279 1467 3365 Brugen·

1404 3453 1462 3466 -

376 3567 398 3613 1.
417 3567 451 3614 La
464 3581 513 3614 ms.
530 3565 562 3612 de
579 3565 692 3614 Gaudet
708 3564 768 3612 red.
780 3565 811 3612 de
824 3565 979 3630 llambcurg
990 3571 1114 3629 portent:
1133 3566 1303 3624 resisterunt;
1316 3567 1335 3613 il
1354 3567 1468 3615 faudrait

345 3645 413 3693 pour
426 3629 452 3674 la
465 3627 627 3675 correction:
641 3627 806 3677 restiterunt.

377 3693 400 3738 2.
418 3693 457 3738 Au
467 3697 582 3737 moment
590 3691 622 3737 de
636 3690 869 3752 s'embarquer,les
878 3691 987 3754 Anglais
996 3692 1101 3739 avaient
1109 3707 1140 3739 eu
1150 3693 1173 3740 le
1180 3691 1386 3756 pressentiment
1398 3691 1429 3738 de
1440 3707 1467 3737 oe

347 3754 392 3817 qui
404 3754 442 3799 les
456 3752 584 3800 attendait
594 3769 625 3799 en
639 3753 760 3800 Flandra.
772 3753 860 3800 Parmi
873 3754 910 3801 les
924 3760 1119 3802 remontrances
1133 3771 1182 3862 que
1195 3756 1232 3802 les
1246 3757 1356 3818 prfflats,
1370 3757 1467 3803 barons

346 3823 372 3863 et
385 3815 484 3862 bonnes
494 3815 570 3862 villes
583 3816 761 3878 d'rlngleterre
772 3815 850 3862 firent
862 3816 1012 3879 parvenire
1026 3819 1131 3865 Edouar
1163 3819 1182 3874 l,
1194 3833 1260 3864 nous
1273 3817 1356 3864 lisons
1372 3834 1377 3866 :
1393 3835 1404 3864 a
1417 3817 1467 3866 Pur

347 3895 392 3926 ceo
403 3893 453 3941 que
463 3878 489 3924 la
498 3878 675 3925 communali&
688 3879 718 3924 de
728 3879 755 3925 la
767 3882 836 3925 terre
849 3880 937 3926 volent
947 3879 1050 3926 honour
1060 3885 1085 3927 et
1098 3880 1214 3927 sauvetie'
1224 3896 1239 3926 a
1249 3886 1338 3928 nostre
1347 3880 1468 3954 seigneur

348 3942 372 3988 le
385 3941 447 4002 Rev,
459 3940 481 3986 si
492 3956 565 3986 come
577 3941 596 3986 il
608 3941 721 4002 deyvent
731 3941 812 3997 valer,
827 3957 860 3987 ne
872 3943 913 3990 lur
927 3942 1026 3990 semble
1039 3959 1087 4006 pas
1101 3959 1151 4005 que
1164 3959 1209 3990 ceo
1221 3942 1316 3990 serroit
1329 3959 1344 3989 a
1356 3943 1394 3990 lm
1405 3958 1468 4005 pren

349 4007 380 4050 de
393 4017 486 4065 passer
500 4019 530 4049 en
545 4003 698 4057 Flaundres‚
716 4003 737 4049 si
750 4003 769 4050 il
780 4019 811 4050 ne
826 4005 879 4050 sust
910 4004 951 4052 lus
965 4008 1066 4060 assurt,
1079 4021 1131 4068 pur
1143 4006 1179 4052 lui
1195 4011 1219 4052 et
1233 4021 1284 4068 pur
1297 4021 1326 4052 sn
1337 4012 1407 4068 gent,
1423 4005 1467 4050 des

349 4064 503 4112 Flaundres.
523 4080 534 4111 a
549 4065 645 4112 Chron.
660 4065 691 4113 de
704 4021 914 4130 Hemingburgii,
933 4067 972 4114 ed.
990 4068 1021 4114 de
1038 4069 1064 4114 la
1082 4068 1156 4132 Engl.
1175 4068 1233 4116 list.
1250 4083 1311 4126 soc„
1326 4084 1352 4131 p.
1367 4069 1421 4115 126.
1435 4068 1467 4114 Le

350 4132 433 4176 meme
448 4127 569 4174 discours
583 4135 623 4176 est
634 4131 760 4191 rapporte
775 4145 825 4190 par
839 4129 1029 4194 Walsingbam,
1043 4145 1075 4177 en
1090 4130 1164 4192 latin,
1182 4130 1321 4194 Ypodigma
1334 4129 1467 4185 Naustrire,

350 4191 416 4238 dans
432 4191 457 4238 la
472 4189 535 4237 Call.
549 4191 584 4237 du
597 4192 688 4238 madre
700 4191 744 4238 des
756 4190 831 4248 roles,
845 4207 871 4254 p.
885 4193 939 4240 208.

381 4255 405 4300 3.
424 4252 545 4300 Edouard
559 4255 569 4300 1
585 4253 686 4300 aborda
698 4270 729 4300 en
742 4255 895 4317 Angleterre
909 4256 933 4302 le
949 4256 975 4303 21
992 4271 1062 4304 mars
1074 4255 1142 4304 1298.
