3154 5190
118 457 179 506 taos
496 435 645 501 lunatas
665 449 860 500 eanuausns
1208 447 1238 496 ar

116 573 374 639 liberalissimus
399 570 557 658 princeps
582 568 711 644 Guido,
733 587 844 632 comes
862 566 1020 630 Flandrie
1040 577 1074 629 et
1089 565 1237 629 marchio

115 675 367 751 Numurcensis‚
385 671 435 736 vir
452 671 660 761 grandevus,
683 682 754 734 erat
775 669 864 734 enim
880 667 956 756 plus
974 689 1072 756 quam
1093 667 1235 733 .LXXX.

117 801 293 851 annorum,
316 774 410 840 senio
432 773 591 838 deficiens
611 772 700 861 apud
726 770 969 858 Compendium
992 768 1094 848 obiit3
1122 769 1179 856 qui
1203 769 1237 833 in

117 881 183 944 hoc
209 878 321 944 seculo
341 875 508 955 instabili,
538 874 667 939 seilicet
693 873 823 938 fortune
850 871 1102 954 vertibilitate1,
1137 870 1238 936 multa

117 981 202 1046 vidit
225 979 458 1045 molestissime
478 977 624 1066 jocunda
650 989 681 1042 st
711 999 846 1064 aspera,
869 987 903 1039 et
918 973 1061 1062 plurima
1080 972 1239 1038 sustinuit

115 1083 360 1172 patientissime
375 1082 483 1146 tristia
500 1092 533 1144 et
548 1079 696 1144 adversa.

164 1187 286 1273 Sicque
314 1184 429 1248 finitur
448 1207 554 1248 annus
578 1184 641 1246 iste
676 1181 858 1245 ferocitatis
884 1179 985 1243 multe
1016 1190 1049 1242 et
1082 1176 1173 1242 necis
1203 1199 1240 1241 ao

115 1288 222 1353 eladis
241 1287 472 1376 plurimorum.

617 1565 742 1632 1305.

163 1761 260 1824 Anno
280 1758 415 1824 Domini
436 1759 655 1836 .M.CCC.V.,
678 1782 793 1822 mense
810 1757 916 1833 Maio,
936 1757 1120 1832 Robertus,
1136 1779 1239 1845 quon·

116 1863 194 1927 dam
208 1886 320 1926 comes
335 1861 564 1939 NivernensiS,
582 1861 828 1950 primogenitus
846 1858 1013 1924 Gnidonis
1030 1858 1175 1937 comitis,
1198 1859 1239 1922 de

116 1966 310 2054 captivitate
328 1963 430 2029 rediit
455 1965 489 2028 in
511 1977 634 2028 terram
656 1976 788 2052 patrum
813 1983 966 2040 suorum,
995 1962 1106 2026 serens
1127 1984 1238 2026 sccum

118 2091 242 2157 corpus
257 2066 364 2155 patris
379 2067 447 2145 sui,
470 2066 560 2156 quod
577 2066 611 2130 iu
632 2059 835 2130 monasterio
852 2065 1090 2129 monachorum
1111 2062 1239 2129 Cister-

117 2171 241 2235 ciensis
265 2168 407 2249 ordinis,
435 2169 487 2234 oui
511 2168 707 2233 vocabulum
726 2180 778 2232 est
796 2165 947 2245 Felices,
973 2166 1028 2231 ubi
1048 2178 1152 2230 mater
1168 2168 1238 2252 'ejus

117 2287 151 2338 et
169 2271 303 2360 plurimi
326 2272 368 2335 de
393 2271 595 2362 cognatione
616 2273 688 2358 ejus
710 2273 835 2359 jacent,
862 2269 1046 2334 honorilice
1072 2267 1236 2356 sepelivit.

118 2375 187 2440 Sed
205 2389 239 2439 et
257 2374 367 2440 Guido
388 2373 641 2451 Namurcensis,
662 2373 763 2436 frater
783 2374 868 2458 ejus,
886 2383 919 2436 et
935 2395 1066 2450 omnes,
1091 2371 1237 2458 quicum

116 2479 167 2542 eis
188 2477 275 2565 capti
296 2477 441 2554 fuerant,
464 2477 551 2540 sicut
567 2478 660 2564 juxta
677 2474 821 2538 Insulam
843 2473 1033 2538 condictum
1050 2486 1138 2553 erat,
1164 2499 1238 2540 eum

112 2579 240 2671 gaudio
275 2579 309 2642 in
339 2579 529 2644 Flandriam
561 2578 745 2643 redierunt.
777 2577 888 2641 Guido
921 2577 1020 2642 etiam
1057 2575 1237 2664 episcopus
1328 2575 1334 2592 '

113 2677 341 2768 Trajectensis
356 2681 397 2745 de
410 2679 602 2766 captivitate
620 2678 780 2743 liberatus
796 2690 860 2762 est,
878 2692 911 2742 et
926 2702 1042 2744 omnes
1057 2678 1235 2772 Flamingi,

113 2807 202 2873 quos
228 2782 443 2860 Wilhelmus,
473 2795 636 2871 cognatus
657 2784 745 2869 ejus,
771 2781 806 2844 in
830 2780 986 2845 Zelaudia
1008 2792 1041 2845 et
1064 2780 1237 2846 Hollaudia

113 2898 271 2951 tenuerat
287 2885 447 2973 captivos,
462 2884 504 2948 ab
519 2883 592 2972 ipso
609 2884 701 2948 abire
717 2882 885 2970 permissi,
905 2883 938 2946 in
953 2882 1145 2948 Flandriam
1161 2896 1239 2948 sunt

115 2987 253 3052 reversi.
291 2989 357 3064 Pax
383 2999 494 3051 tamen
526 2985 615 3050 inter
643 2987 826 3051 Robertum
856 2984 960 3050 filium
992 2984 1170 3062 Gnidonis‚
1205 3001 1239 3051 et

113 3089 335 3159 Wilhelmum
354 3113 421 3152 non
436 3090 607 3167 remansit,
631 3089 690 3152 sed
705 3101 835 3178 treuga.

164 3196 229 3257 lste
249 3193 433 3272 Robertus,
457 3192 633 3255 vicesimus
664 3214 774 3255 comes
802 3191 959 3255 Flandrie
989 3191 1040 3255 vel
1059 3190 1237 3256 vicesimus

116 3294 299 3372 secundus,
325 3294 351 3356 si
381 3294 570 3358 Ferrandus
600 3307 633 3358 et
659 3294 820 3371 Thomas,
847 3293 955 3358 mariti
977 3295 1145 3370 lohanne,
1176 3317 1238 3383 pro

114 3397 294 3462 comitibus
315 3404 563 3484 computentur,
587 3419 720 3484 semper
739 3394 829 3459 mitis
850 3409 883 3460 et
899 3395 1073 3483 pacificae,
1095 3395 1235 3484 primam

115 3499 213 3564 duxit
228 3522 368 3564 uxorem
384 3498 483 3562 filiam
510 3498 634 3578 Karoli,
664 3497 753 3588 regis
781 3497 905 3578 Sicilie,
938 3497 979 3561 de
1003 3522 1067 3586 qua
1093 3522 1157 3562 non
1179 3499 1236 3564 diu

115 3601 299 3689 superstite
325 3601 429 3665 filium
455 3602 584 3679 habuit,
608 3603 741 3666 nomine
761 3601 933 3680 Karolum,
961 3602 1017 3689 qui
1044 3600 1077 3664 in
1105 3601 1236 3666 adoles·

115 3704 225 3768 centia
245 3728 301 3767 sua
326 3703 502 3768 defunctus
530 3717 592 3771 est.
615 3706 734 3768 Postea
755 3702 850 3768 duxit
869 3703 904 3766 in
926 3727 1061 3768 uxorem
1080 3702 1237 3792 unigeni·-

114 3822 183 3871 tam
202 3806 301 3870 liliam
320 3806 452 3871 comitis
478 3806 713 3886 NivernensiS,
737 3821 789 3886 et,
815 3820 945 3871 mortuo
961 3819 1067 3893 patre,
1086 3807 1235 3893 ejusdem

115 3911 294 3972 comitatus
310 3908 529 3986 comitissam,
555 3909 595 3973 de
616 3933 679 3997 qua
695 3909 813 3998 genuit
833 3907 1034 3974 Ludovicum
1056 3921 1088 3973 et
1108 3910 1237 3974 Rober-

117 4025 200 4086 tum,
221 4023 254 4076 et
270 4010 355 4074 filias
374 4024 463 4088 mea,
481 4033 616 4074 uxorem
633 4011 761 4075 domini
781 4009 822 4075 de
841 4012 1017 4100 Cuchyaoo
1032 4011 1065 4075 in
1081 4013 1235 4090 Francia,

149 4248 173 4294 1.
192 4247 227 4294 Le
238 4263 288 4295 ms.
302 4248 334 4293 da
347 4247 421 4296 Gand
439 4255 464 4294 et
478 4249 536 4295 l'cd.
552 4248 584 4294 de
598 4249 751 4310 Hnmbourg
761 4255 867 4311 portent
880 4265 891 4294 a
904 4249 948 4295 sed
964 4251 1067 4296 fortune
1080 4250 1237 4298 vertibilita-

116 4320 171 4359 tem
183 4325 209 4364 υς
222 4325 287 4356 nous
301 4311 430 4372 adoptans
444 4311 468 4358 lo
481 4311 625 4358 correction
637 4315 765 4374 proposes
776 4327 825 4373 par
836 4311 1020 4374 Lappenberg.
