3154 5190
1109 310 1116 344 t

338 443 369 490 aa
716 427 866 488 auratus
884 439 1078 490 cauususus
1395 442 1463 488 1304

383 557 559 646 Philippus
580 570 704 652 autem,
726 557 814 622 filius
834 581 913 621 snus
935 557 1067 635 senior,
1089 558 1263 634 intereos,
1286 557 1463 646 quierant
1564 569 1565 614 t

338 662 372 725 in
388 659 555 736 Flandria,
574 657 780 748 superiorem
796 683 918 750 gerens
931 659 1223 749 gubernationem,
1238 661 1463 723 communiter

339 787 374 828 se
388 764 498 828 tenuit
512 761 547 826 in
563 762 675 828 Insula
694 775 728 825 et
744 765 857 826 Duaco
878 775 911 826 et
926 761 1023 839 alibi,
1045 761 1103 826 ubi
1125 762 1267 826 volebat.
1291 764 1464 825 lohannes

336 863 588 943 Namuroensis,
616 865 679 928 sub
702 863 793 952 ipso,
816 863 1038 929 communiter
1057 889 1092 929 se
1110 864 1218 928 tenuit
1233 864 1267 928 in
1285 863 1462 942 Gandavo,

335 980 504 1055 tamquam
531 966 744 1031 marescallus
768 967 858 1044 ville,
887 967 1071 1056 disponens
1095 967 1257 1055 populum
1289 966 1323 1030 in
1362 989 1461 1055 pace.

338 1069 449 1134 Guido
471 1068 502 1132 in
521 1068 655 1159 Brugis,
674 1067 876 1134 Wilhelmus
892 1067 926 1132 in
942 1073 1042 1159 Ypra.

383 1175 547 1259 Tempore
562 1171 700 1235 istarum
720 1183 926 1260 treugarum,
943 1171 1145 1239 Wilhelmus
1161 1174 1175 1235 J
1182 1171 1369 1250 uliacensis,
1387 1195 1465 1260 pre·

338 1273 468 1362 positus
484 1271 711 1361 Tratjecteusis
728 1285 760 1336 et
776 1273 956 1338 canonicus
970 1273 1183 1338 Coloniensis
1201 1286 1235 1338 et
1251 1272 1464 1347 Leodiensis,

339 1389 469 1441 mortuo
485 1373 741 1463 archiepiscopo
761 1373 955 1439 Coloniensi
969 1377 991 1451 ¹,
1014 1399 1087 1439 oum
1105 1375 1248 1464 quodam
1270 1374 1334 1440 alio
1358 1399 1466 1438 eano-

339 1476 415 1542 nieo
449 1476 591 1542 ecclesie
618 1475 830 1541 Coloniensis
862 1475 896 1542 in
923 1476 1214 1566 archiepiscopum
1241 1490 1292 1540 est
1316 1477 1463 1553 electus,

337 1603 450 1646 verum
471 1580 599 1645 habens
623 1603 686 1668 pro
710 1603 745 1644 se
768 1581 925 1667 majorem
951 1593 984 1644 et
1009 1579 1173 1644 saniorem
1192 1593 1320 1668 partem
1336 1579 1464 1668 eligen-

338 1682 434 1761 tium,
457 1695 541 1746 etse
561 1705 682 1772 gerens
703 1705 764 1771 pro
783 1705 862 1747 vero
878 1680 997 1761 eleeto,
1017 1681 1152 1746 nuntios
1170 1683 1259 1746 misit
1275 1681 1316 1746 ad
1336 1683 1463 1746 curiam
1564 1725 1565 1740 ,

339 1787 521 1850 Romanam
537 1809 598 1872 pro
614 1783 903 1873 archiepiscopatu
921 1783 1114 1850 Coloniensi
1135 1785 1332 1848 obtinendo.

383 1887 454 1950 lliis
476 1887 574 1951 etiam
597 1885 824 1974 temporibuS,
854 1909 912 1950 rex
940 1887 1079 1950 Francia
1103 1887 1238 1974 copiose
1267 1887 1463 1951 thesaurum

339 2013 434 2054 suum
456 1987 646 2065 effundens,
665 1989 755 2054 misit
774 1988 910 2053 nuntios
931 2013 992 2077 per
1009 2001 1112 2053 totam
1134 1987 1379 2067 Alemanniam,
1400 1991 1465 2054 lta·

339 2090 416 2156 liam
433 2105 466 2155 et
487 2090 694 2178 Hispaniam,
712 2090 801 2155 viros
817 2089 997 2156 bellicosos
1018 2091 1228 2170 conducens,
1247 2105 1283 2155 ut
1300 2104 1377 2180 post
1392 2090 1465 2154 exi-

339 2207 408 2259 tum
428 2206 639 2284 treugarum,
662 2193 851 2260 Flandriam
874 2217 935 2280 per
957 2205 1079 2258 terram
1104 2207 1137 2258 et
1159 2217 1219 2280 per
1238 2218 1326 2258 mars
1346 2192 1466 2258 debel-

339 2296 423 2374 lans,
446 2320 480 2360 se
497 2296 538 2360 de
557 2296 678 2360 damno
696 2309 728 2360 et
744 2295 940 2360 confusione
956 2295 1022 2359 sibi
1038 2296 1133 2360 laetis
1150 2295 1347 2360 vindicaret.

373 2396 1461 2475 Circafinemlanuarii,GuidoNamurcensis,dominusZelandis,

340 2514 474 2588 treugas
491 2523 572 2588 quas
588 2499 733 2564 habebat
755 2523 829 2564 eum
851 2513 995 2590 cognato
1018 2523 1078 2564 suo
1099 2499 1219 2564 comite
1238 2499 1415 2564 Hollandie
1431 2512 1466 2562 et

342 2600 492 2666 Hanania
511 2625 627 2667 versus
647 2601 753 2691 ipsam
777 2601 1005 2679 Hollandiam,
1027 2601 1226 2666 revocavit‘2.
1253 2605 1465 2668 Duraverunt

341 2716 466 2784 tamen,
484 2716 521 2768 ut
540 2703 665 2770 dictum
682 2717 764 2783 erat,
787 2729 847 2792 per
868 2704 952 2769 duos
973 2727 1105 2768 menses
1126 2718 1202 2792 post
1222 2705 1346 2768 dictam
1365 2727 1464 2768 revo-

342 2808 519 2884 cationem,
544 2805 577 2871 in
600 2806 723 2896 quibus
745 2831 780 2870 se
810 2806 851 2870 ad
878 2807 1103 2896 guerrandum
1130 2819 1346 2896 paraverunt3
1372 2807 1466 2872 unde

342 2909 429 2974 eirca
457 2909 603 2974 medium
628 2908 752 2987 Martii,
776 2908 898 2986 Guido,
931 2921 1132 2999 congregata
1160 2909 1265 2973 classe
1293 2934 1410 2999 magua
1431 2923 1466 2974 et

343 3012 447 3077 multo
468 3013 615 3076 exercitu
627 3011 668 3076 de
680 3011 849 3088 Flandria,
864 3010 953 3076 venit
970 3009 977 3074 i
984 3035 1002 3074 u
1021 3025 1143 3076 terram
1156 3033 1247 3075 suam
1257 3010 1464 3090 Zelandiam,

343 3127 391 3195 ut,
413 3138 487 3180 cum
503 3113 670 3201 adjutorio
686 3127 719 3177 et
735 3114 877 3178 consilio
895 3114 1045 3189 fratrum,
1068 3113 1223 3192 liliorum,
1245 3127 1465 3204 cognatorum

343 3229 376 3281 et
396 3215 576 3282 amicorum
592 3213 758 3284 Wulsardi
777 3214 893 3295 occisi,
911 3213 975 3280 sibi
988 3215 1151 3305 fidelium,
1171 3228 1348 3305 cognatum
1367 3241 1465 3282 suum

344 3331 377 3382 et
393 3317 456 3382 sihi
471 3319 671 3383 adherentes
688 3316 884 3382 debellaret.

846 3557 969 3623 1304.

389 3737 486 3801 Anuo
501 3736 635 3801 Domini
655 3739 872 3803 .M.CCC.lV.
901 3738 987 3801 circa
1009 3737 1107 3801 linem
1133 3739 1245 3803 Martii
1265 3695 1323 3802 vel·
1339 3737 1466 3826 princi·

377 3986 400 4033 1.
419 3984 545 4042 Wiebold,
559 3985 670 4032 archeve
691 4001 722 4032 ue
735 3985 766 4032 de
779 3984 903 4048 Cologue,
915 3992 1020 4034 mourut
1030 3985 1054 4034 le
1067 3989 1096 4033 26
1107 4001 1177 4033 mars
1189 3986 1258 4034 1304.

377 4049 398 4095 2.
419 4063 431 4093 u
448 4047 495 4095 Gai
511 4047 543 4094 de
562 4048 661 4096 Namur
675 4001 705 4094 ht
717 4046 847 4095 dc'uoneer
860 4049 886 4096 la
903 4051 976 4096 treve
992 4053 1007 4096 h
1024 4049 1088 4096 Joun
1103 4049 1124 4096 ll
1140 4064 1190 4112 par
1203 4065 1253 4096 une
1265 4049 1341 4096 lettre
1356 4065 1405 4112 que
1419 4064 1466 4098 sou

346 4109 394 4159 cha
416 4109 484 4158 elain
498 4115 525 4156 ct
537 4126 570 4156 uu
583 4109 710 4172 religieux
722 4112 872 4172 premontre
889 4110 920 4158 de
933 4111 1031 4158 Nineve
1048 4111 1174 4160 remirent
1190 4127 1224 4158 au
1240 4118 1324 4158 romto
1337 4112 1361 4160 la
1377 4115 1393 4160 9
1405 4128 1465 4162 nov.

347 4125 420 4226 1308:
435 4189 463 4220 ec
482 4172 526 4234 qui
549 4171 621 4218 fixait
642 4173 668 4219 la
685 4171 786 4234 reprise
801 4171 847 4220 des
865 4189 959 4234 armes,
979 4173 1083 4236 d'apr'en
1099 4173 1124 4220 lu
1142 4175 1306 4227 conventiou,
1321 4188 1354 4220 au
1367 4175 1382 4220 9
1394 4191 1465 4220 mars

347 4236 407 4282 1304
419 4252 440 4282 u.
455 4235 492 4282 De
506 4235 587 4290 Susa,
602 4233 627 4280 lc
640 4237 734 4282 Guerre
743 4233 775 4282 de
785 4233 908 4290 Zelande,
920 4234 986 4283 dans
1002 4237 1038 4283 les
1052 4235 1184 4283 illatmcirea
1197 4235 1228 4282 de
1241 4235 1395 4284 ldeademie
1407 4253 1463 4300 roy.

347 4297 379 4343 de
389 4297 529 4352 Bruxelles,
540 4302 559 4343 t.
574 4297 662 4350 llVlll,
674 4312 734 4344 ann.
749 4297 818 4352 1845,
829 4313 855 4361 p.
866 4298 905 4346 ts.
