3178 5192
104 523 168 572 1297
490 521 640 572 thuanus
657 520 851 571 Gannuusus
1216 525 1231 568 t

152 639 247 706 Circa
267 639 367 704 finem
386 639 509 704 mensis
523 638 678 728 Augusti,
694 637 785 702 venit
801 637 999 717 Edwardus,
1018 661 1076 702 rex
1094 638 1227 727 Anglie,

104 741 139 807 in
158 743 359 832 adjutorium
376 741 509 808 comitis
530 741 696 806 Guidonis
715 753 748 805 et
767 739 930 829 applicuit
950 739 1176 818 Flandriam¹,
1196 739 1228 804 iu

103 859 207 934 portu
239 842 423 934 Brugensi,
452 868 520 909 non
557 867 632 908 cum
675 842 779 907 multo
817 841 986 922 exercitu;
1027 842 1231 931 veniensque

103 949 218 1037 primo
240 949 368 1037 Brugas
390 945 519 1012 invenit
542 947 683 1035 majores
702 945 780 1009 ville
803 969 870 1009 non
893 945 1076 1011 concordes
1099 945 1228 1025 comiti,

103 1051 244 1140 suisque
269 1073 344 1115 cum
370 1049 438 1114 illis
465 1049 506 1114 de
529 1047 607 1113 villa
627 1047 919 1126 discordantibus,
942 1060 975 1112 et
996 1046 1113 1114 videns
1141 1047 1232 1138 quod

102 1153 183 1218 villa
197 1165 286 1224 esset
302 1150 374 1217 sine
388 1150 643 1228 munitionibus,
662 1151 802 1215 recessit
814 1149 893 1214 inde
911 1163 947 1215 et
959 1151 1051 1216 venit
1064 1151 1229 1229 Gandam,

103 1256 137 1322 in
159 1279 225 1344 qua
241 1254 341 1320 etiam
360 1253 436 1318 villa
451 1255 594 1342 majores
614 1276 689 1316 cum
706 1251 827 1317 comite
844 1252 1095 1318 discordabant.

149 1356 233 1426 Novi
267 1357 309 1421 de
334 1356 478 1446 quodam
507 1356 680 1420 sacerdote
704 1354 874 1445 goliardo,
910 1353 986 1444 qui,
1019 1379 1094 1420 cum
1127 1367 1230 1420 totam

103 1459 328 1526 substantiam
344 1483 436 1524 suam
452 1458 485 1523 in
500 1455 799 1523 comessationibus
815 1470 849 1521 et
863 1457 1096 1546 potationibus
1111 1482 1231 1546 expen-

105 1565 230 1640 disset,
249 1561 334 1627 nihil
354 1562 499 1639 habens,
521 1560 649 1625 furatus
664 1572 716 1624 est
733 1573 909 1650 argenteas
934 1559 1072 1625 laminas
1090 1560 1132 1625 de
1150 1583 1232 1649 qua-

104 1666 182 1731 dam
204 1663 348 1754 imagine
374 1662 541 1741 crucifixi,
568 1686 649 1751 quas
673 1662 820 1728 vendens
843 1663 921 1727 fecit
941 1685 1096 1752 magnum
1119 1660 1232 1728 convi-

105 1769 195 1833 vium
214 1765 313 1832 sociis
333 1765 412 1832 suis.
436 1766 621 1831 Accusatus
641 1765 683 1830 de
703 1766 768 1829 hoc
790 1787 899 1830 coram
922 1766 1082 1854 episcopo
1104 1789 1181 1842 suo,
1200 1777 1233 1830 et

104 1883 243 1935 vocatus
259 1871 301 1934 ab
317 1869 435 1934 codem
450 1881 483 1933 et
499 1868 581 1933 dure
597 1868 836 1957 reprehensus,
854 1891 915 1957 per
934 1869 996 1933 hos
1014 1867 1097 1934 duos
1119 1892 1232 1934 versus

105 1971 316 2062 respoudit:

269 2113 370 2173 Guido
384 2111 396 2149 ²
412 2133 522 2172 carens
539 2133 602 2187 ere,
617 2115 688 2173 dum
703 2135 736 2173 se
753 2113 886 2174 vidisset
901 2133 1010 2193 egere,

271 2207 468 2267 Ercoriando
482 2207 587 2266 lesum
604 2206 723 2287 largum
740 2208 800 2268 sibi
813 2209 938 2287 prebuit
958 2227 1054 2268 esum.

149 2343 247 2408 Circa
269 2339 472 2430 principium
494 2341 617 2404 mensis
635 2341 857 2428 Septembris,
878 2365 934 2406 rex
953 2341 1102 2406 obtinuit
1122 2339 1232 2406 villam

109 2445 332 2522 insulensem,
362 2456 396 2507 ut
425 2466 524 2530 supra
553 2441 678 2508 dictum
712 2457 778 2521 est,
804 2444 863 2508 tali
891 2443 1101 2522 conditione,
1141 2444 1232 2532 quod

107 2571 223 2613 omnes
254 2543 352 2612 amici
384 2543 516 2610 comitis
539 2569 612 2609 cum
642 2544 798 2610 omnibus
824 2545 864 2610 ad
897 2571 953 2610 eos
983 2545 1231 2636 pertinentibus

106 2651 213 2716 libere
238 2659 378 2738 possent
397 2645 499 2712 exire.
523 2647 620 2712 Circa
644 2647 742 2712 finem
763 2648 912 2736 ejusdem
934 2649 1077 2727 mensis,
1096 2649 1233 2713 intravit

107 2777 163 2818 rex
179 2749 381 2841 profundius
406 2748 615 2827 Flandriam,
635 2763 667 2812 et
687 2750 777 2814 venit
795 2775 869 2815 cum
887 2749 1034 2816 exercitu
1051 2775 1111 2816 suo
1127 2775 1231 2838 usque

107 2854 313 2944 parochiam,
327 2876 391 2942 que
405 2863 540 2916 vocatur
551 2851 584 2915 in
598 2851 772 2943 Flamingo
789 2853 1028 2942 lugelmonstre
1038 2853 1063 2932 3,
1076 2854 1141 2918 hoc
1157 2865 1208 2918 est
1222 2879 1228 2917 :

107 3093 189 3140 quens
210 3075 323 3124 d'Artois
348 3082 373 3122 et
393 3091 420 3122 se
438 3079 501 3137 gent
520 3090 551 3121 ne
568 3075 733 3138 passaiaaent
750 3082 832 3123 outre.
851 3077 883 3123 Et
899 3081 1039 3139 passerent
1055 3083 1128 3124 mout
1147 3076 1230 3140 peril-

107 3141 253 3188 leusement
263 3137 349 3201 parmi
362 3153 397 3192 un
430 3137 477 3184 etit
492 3137 602 3199 poucbel
618 3138 711 3185 estruit
728 3143 754 3185 ct
767 3137 846 3186 loible
859 3145 885 3185 et
897 3155 924 3186 se
936 3145 1098 3201 prouverent
1109 3139 1230 3186 mauvai-

108 3208 210 3250 eement
221 3201 394 3250 urbalestrier
423 3215 436 3246 e
449 3199 624 3249 Sciat-Omen.
634 3201 717 3248 naeus
729 3201 746 3248 li
760 3217 842 3264 quens
855 3201 968 3249 d'hrtois
979 3209 1005 3249 et
1018 3217 1045 3249 ae
1058 3208 1120 3264 gent
1132 3201 1231 3250 victore

107 3265 131 3312 le
143 3265 207 3328 plus
221 3263 278 3311 bele
310 3279 341 3310 ue
354 3279 386 3309 on
400 3268 463 3325 peut
476 3263 551 3309 avoir
568 3279 599 3310 ne
616 3263 681 3323 veir,
702 3269 726 3310 et
746 3264 772 3311 lu
791 3264 816 3312 le
833 3264 942 3311 batnille
963 3264 986 3311 le
1006 3263 1092 3311 mardi
1113 3267 1192 3326 apres
1206 3265 1230 3312 le

104 3328 165 3390 jour
182 3279 374 3375 Nostra-bum
394 3324 536 3381 mi·u0ust,
551 3325 596 3388 qui
615 3327 641 3372 lu
657 3326 708 3372 l¹an
725 3327 756 3374 dc
778 3326 959 3374 l¹incarnation
980 3326 1228 3389 Nostre-Seigneur,

108 3389 193 3454 .tt.ije.
206 3387 284 3451 iiijxx.
299 3394 324 3436 et
335 3386 405 3448 mvii.
421 3386 448 3435 Si
461 3402 527 3434 vous
539 3387 683 3435 nommerni
697 3389 735 3436 les
751 3405 817 3436 nona
832 3390 863 3436 de
877 3389 968 3436 chinus
986 3389 1051 3451 quii
1065 3391 1152 3436 iurent
1163 3388 1229 3450 pris.

104 3452 196 3500 Cb'est
207 3451 328 3498 assuvoir
339 3467 344 3498 ε
356 3449 452 3497 mesire
462 3449 578 3498 Guerars
588 3450 620 3497 de
633 3451 742 3512 llornes,
756 3451 865 3498 mesires
876 3451 908 3498 de
919 3451 1100 3509 Blans-Mons,
1114 3451 1230 3500 Conrras

107 3514 138 3561 de
159 3515 270 3564 Toulete
287 3511 319 3559 de
340 3512 412 3566 Bale,
433 3509 499 3558 sires
521 3512 608 3559 Ferris
627 3513 645 3560 ti
665 3514 747 3570 Lous,
768 3513 891 3562 Chaulles
908 3513 1079 3570 d'0rlemain,
1099 3514 1185 3561 Raros
1198 3515 1230 3561 de

108 3575 260 3633 Helretaine,
274 3575 384 3623 Corrnrs
401 3573 420 3620 ti
436 3574 554 3622 moinnes
568 3575 600 3622 de
614 3575 700 3633 Ralla,
721 3577 817 3624 Wulles
836 3576 1032 3639 d’llspinchuin,
1047 3575 1184 3637 Guycbars
1198 3576 1230 3626 de

108 3638 238 3694 llaiviers,
252 3637 271 3685 li
283 3637 334 3685 fiex
352 3636 436 3685 tehen
451 3636 561 3694 d’ttffas,
578 3637 672 3685 Henris
692 3638 723 3686 de
739 3639 961 3694 licut-Eateveue,
975 3638 1073 3686 Jebans
1086 3638 1118 3686 de
1135 3639 1230 3686 Bucin-

108 3701 231 3764 ghebatn,
245 3699 339 3748 flentis
352 3700 383 3748 de
397 3698 524 3756 Brubath,
538 3699 629 3748 horris
640 3701 672 3747 de
684 3695 825 3758 Nouverin,
837 3707 894 3748 tout
906 3701 1046 3748 chevalier.
1059 3701 1091 3748 Et
1104 3701 1178 3748 rechi
1191 3701 1229 3749 les

107 3763 223 3812 eacuiers
232 3779 237 3811 z
246 3763 345 3811 ‚lehuno
358 3762 389 3808 de
402 3761 489 3817 Pertu,
498 3762 597 3809 Jebans
610 3763 642 3810 de
650 3763 771 3820 Landris,
779 3763 943 3811 Guillaumes
953 3764 1081 3811 delulers
1093 3769 1119 3810 et
1130 3763 1229 3810 lebana

108 3825 139 3873 de
152 3827 299 3874 Pedresem.
313 3827 345 3873 Et
356 3824 375 3871 li
389 3828 457 3870 mort
469 3831 529 3872 sont
541 3825 581 3871 chi
593 3829 681 3888 apres,
695 3826 776 3873 ch'est
791 3827 923 3873 assavoir:
932 3826 950 3873 li
964 3841 1045 3888 quens
1061 3824 1092 3871 de
1101 3825 1229 3872 Peucbem

108 3889 126 3934 li
140 3905 235 3951 pravos
246 3888 280 3935 du
298 3887 369 3944 Tret,
390 3885 486 3934 mesire
502 3887 601 3934 lebeus
618 3887 649 3934 de
667 3888 761 3944 Guvre,
780 3888 873 3935 mesire
892 3888 1053 3942 Wnsteviler,
1066 3887 1229 3935 Guillaumea

109 3951 247 4000 Pedresem
261 3956 286 3997 et
297 3951 356 3997 bien
369 3949 420 3996 ,111Ι
435 3964 468 3996 ou
486 3950 556 4023 plus,
570 3949 615 4012 qui
634 3966 713 3997 uvoec
730 3967 778 3998 nus
795 3952 881 3998 iurent
897 3957 966 3997 mort
986 3955 1011 3996 et
1029 3953 1081 3997 tue.
1101 3951 1134 3998 Et
1148 3955 1230 4013 quent

109 4012 156 4059 che
173 4015 200 4060 ln
215 4013 262 4076 tait
275 4027 307 4060 no
325 4017 428 4074 gentse
445 4013 574 4074 logrerent
595 4027 625 4058 cu
648 4013 671 4058 lc
692 4013 744 4059 vile
764 4013 796 4059 de
819 4013 917 4060 Furnos
937 4019 962 4059 et
977 4012 984 4058 i
1005 4013 1101 4059 burent
1115 4018 1140 4058 et
1156 4029 1228 4059 men-

110 4077 211 4134 gierent
222 4081 248 4122 et
258 4074 345 4138 jurent
356 4079 381 4121 et
393 4080 559 4135 reposerent‚
569 4080 618 4120 eta
641 4079 682 4121 r'es
695 4074 761 4122 ebou
777 4076 794 4121 il
807 4076 859 4121 s’en
875 4075 1006 4138 partirent
1017 4080 1043 4121 et
1055 4074 1193 4122 bouterent
1205 4075 1229 4122 le

110 4140 136 4184 lu
147 4153 179 4186 en
188 4139 211 4185 le
222 4137 282 4193 vile,
296 4143 322 4185 et
330 4137 389 4200 puls
403 4151 430 4182 se
442 4136 584 4184 retrairent
595 4153 610 4183 a
621 4091 682 4184 l'osr
694 4137 790 4184 derunt
802 4138 874 4184 bille.
889 4155 901 4182 r
918 4137 1062 4200 chronique
1077 4137 1228 4192 crlcsienne,

41 4225 45 4232 ·
110 4215 159 4260 ιρι.
173 4200 299 4247 thaat-64
310 4199 342 4246 de
354 4201 380 4246 la
397 4197 464 4247 Bibl.
480 4199 512 4246 de
524 4200 682 4262 Bourgogne
695 4205 709 4246 h
720 4200 864 4256 Bruxelles,
879 4201 894 4248 Ῐ.
910 4200 963 4247 tat.

142 4263 164 4308 1.
185 4263 216 4308 Le
229 4263 259 4308 22
271 4265 334 4308 aaut
346 4261 415 4308 1297.

142 4327 164 4370 2.
184 4325 216 4372 Le
230 4339 279 4373 ms.
293 4324 324 4372 de
335 4323 410 4373 Gand
423 4329 498 4386 porto
511 4339 541 4371 en
557 4337 646 4386 murge
661 4326 688 4381 (t.
701 4325 725 4388 t)
740 4340 745 4371 :
761 4325 803 4371 Sic
816 4323 960 4371 vocabatur·
974 4324 1105 4372 socer-dos.

141 4388 165 4434 3.
183 4385 302 4451 Philipps
317 4387 341 4436 le
354 4387 400 4436 Bel
412 4386 504 4435 &tatto
519 4386 730 4450 inghelmunater
742 4387 766 4435 le
779 4387 806 4435 21
821 4393 887 4449 sept.
900 4387 970 4435 12⁰7.
