3154 5190
112 456 177 503 1304
494 455 643 506 ANNALES
661 454 854 506 GANDENSES
1205 458 1234 504 75

109 572 218 637 tulum
238 586 314 638 ante
332 597 485 638 occasum
507 573 587 638 solis
609 574 729 640 factum
751 587 813 636 est.
834 573 952 638 Franci
974 572 1102 661 itaque,
1122 573 1180 662 qui
1199 574 1232 639 in

107 674 217 765 prima
255 689 350 741 erant
379 676 462 755 acie,
496 675 660 754 videntes,
693 699 727 739 se
765 674 889 740 luriose
921 699 937 740 a
968 675 1234 741 Flandrensibus

110 777 242 858 invadi,
268 780 423 844 concussi
450 777 587 857 timore,
610 792 701 868 terga
724 790 911 857 vertentes,
935 781 1105 845 turmatim
1128 791 1161 843 et
1175 801 1236 867 per

107 905 234 946 cuneos
256 903 373 945 omnes
398 879 574 970 fugerunt3
603 893 635 946 et
655 879 914 969 insequentibus
938 902 995 945 eos
1015 879 1236 946 Flandrensi·

108 985 185 1062 bus,
203 982 353 1072 ipsorum
373 983 469 1048 valde
492 983 604 1062 multi,
629 982 723 1070 equis
755 1007 869 1048 eorum
893 982 990 1048 sessis
1020 997 1052 1048 et
1076 983 1173 1048 lassis
1199 982 1234 1048 iu
1318 1023 1323 1034 ·

108 1087 221 1173 puteis
236 1099 269 1150 et
289 1085 434 1164 fossatis,
457 1109 522 1174 que
541 1085 684 1174 plurima
701 1098 795 1150 erant
809 1086 844 1150 in
860 1109 977 1174 campo
991 1086 1061 1165 illo,
1081 1086 1235 1152 cadenti-

110 1189 173 1254 bus
194 1203 226 1254 et
243 1203 355 1254 mutuo
376 1213 411 1253 se
433 1187 721 1278 opprimentibus,
746 1212 896 1252 sessores
917 1211 990 1253 cum
1011 1188 1058 1253 eis
1080 1188 1234 1254 suffocati

110 1304 200 1356 suut.
224 1293 295 1358 Hoc
315 1292 415 1356 etiam
435 1290 625 1380 periculoso
646 1291 830 1356 infortunio
847 1291 962 1380 plures
978 1290 1077 1356 etiam
1094 1293 1128 1355 in
1150 1293 1234 1356 Cur·

108 1407 203 1458 traco
229 1395 349 1459 mortui
374 1407 451 1459 suut
476 1417 574 1482 quam
599 1392 719 1472 occisi;
750 1433 794 1446 -
814 1393 878 1458 hoe
903 1394 992 1459 idem
1018 1393 1118 1458 etiam
1143 1394 1235 1482 peri·

110 1496 235 1574 culum,
252 1495 331 1560 licet
347 1520 413 1560 non
433 1495 478 1560 ita
493 1519 605 1586 grave,
622 1495 886 1560 Flandrensibus
902 1496 958 1560 hic
976 1520 1032 1560 eos
1051 1496 1235 1585 insequen-

111 1599 215 1677 tibus,
239 1597 360 1662 evenit.
389 1600 460 1663 Due
484 1597 584 1662 ctiam
613 1598 702 1662 acies
732 1597 820 1687 regis
843 1597 1013 1688 predicte,
1040 1622 1104 1686 que
1129 1597 1234 1687 prede

110 1699 337 1778 intenderant,
373 1701 553 1766 redeuutes
586 1701 627 1766 de
657 1713 791 1780 monte,
824 1699 976 1764 videntes
1003 1700 1108 1766 aciem
1146 1701 1235 1790 regis

113 1827 266 1894 magnam
285 1803 319 1868 in
338 1805 448 1894 fugam
470 1827 676 1882 conversam,
696 1827 770 1868 cum
789 1804 892 1892 preda
913 1827 970 1869 sua
990 1803 1105 1892 stipsi
1124 1827 1236 1868 reces-

112 1919 242 1971 serunt.
258 1906 354 1973 Unde
372 1907 466 1972 multi
482 1906 745 1996 Flamingorum,
767 1909 936 1994 Yprenses
952 1906 1140 1995 potissime,
1157 1908 1235 1972 Cur-

111 2022 283 2074 tracenses
307 2025 340 2075 et
365 2010 575 2088 Gandenses,
603 2009 707 2074 estivo
734 2022 883 2075 caumate
904 2010 1043 2098 sitisque
1063 2007 1182 2073 ardore
1203 2021 1235 2073 et

111 2113 236 2202 pugnis
261 2112 533 2200 particularibus,
559 2125 595 2176 ut
625 2112 841 2192 dictumest,
869 2111 1010 2202 fatigati,
1039 2111 1235 2178 vulneribus

110 2213 240 2294 laniati,
263 2215 367 2303 aliqui
378 2213 477 2279 etiam
489 2214 590 2280 corde
608 2214 732 2302 pavidi,
753 2239 906 2304 campum
922 2213 1235 2302 circumspicientes

111 2317 373 2406 circumquaque
406 2331 522 2406 patere
555 2317 690 2382 aciebus
724 2317 870 2382 hostium
903 2318 1126 2408 fugientibus,
1161 2340 1233 2381 cum

111 2421 263 2486 Johanne
283 2418 521 2499 Namurcensi,
545 2419 725 2509 plurimum
749 2419 872 2484 lassato
895 2459 939 2470 -
957 2444 1023 2484 nou
1049 2419 1139 2484 enim
1164 2432 1236 2484 erat

113 2547 254 2613 corpore
272 2523 377 2601 fortis,
397 2523 454 2587 sed
469 2522 604 2614 gracilis
619 2545 759 2611 rareque
778 2522 1022 2610 complexionis
1042 2561 1081 2572 -
1096 2537 1128 2587 et
1146 2525 1236 2586 Hen-

112 2626 182 2691 rico
206 2627 306 2690 sratre
327 2650 399 2704 suo,
420 2625 476 2713 qui
497 2625 615 2690 eodem
634 2624 688 2689 die
706 2625 840 2690 circiter
854 2649 928 2690 cum
943 2625 1099 2690 ducentis
1118 2624 1236 2714 equiti·

112 2729 173 2792 bus
191 2728 235 2793 de
256 2731 370 2793 Duaoo
396 2728 437 2792 ad
461 2715 585 2792 belluni
607 2741 755 2806 venerat,
780 2752 895 2793 versus
920 2729 1049 2792 Insulas
1070 2728 1236 2817 fugientes

113 2831 279 2896 abierunt.
299 2832 414 2919 ltaque
435 2830 603 2895 lohannes
621 2853 695 2895 cum
717 2831 817 2896 fratre
833 2854 893 2895 suo
910 2845 986 2896 ante
1002 2831 1235 2919 crepusculum

114 2933 176 2998 luit
189 2933 225 2998 in
241 2932 318 2998 villa
340 2933 520 2998 lnsulensi.

157 3037 336 3125 Philippus
356 3050 483 3113 autern,
505 3036 708 3105 Wilhelmus
727 3049 761 3100 et
786 3037 967 3114 Robertus,
991 3061 1065 3100 cum
1081 3039 1236 3128 Brugen·

115 3137 197 3202 sium
221 3138 291 3203 acie
315 3151 347 3202 et
372 3137 445 3202 aliis
473 3134 737 3203 Flandrensibus
764 3137 844 3201 boni
869 3137 999 3217 cordis,
1023 3136 1080 3225 qui
1099 3137 1235 3203 cumeis

116 3253 357 3321 remanserant,
380 3241 428 3305 sic
447 3243 472 3306 F
475 3265 593 3306 raneos
614 3264 687 3304 cum
706 3240 862 3319 clamore,
884 3253 921 3304 ut
941 3239 1066 3306 dictum
1083 3253 1146 3319 est,
1162 3253 1234 3306 tur-

117 3343 228 3408 matim
247 3356 281 3408 et
300 3368 360 3432 per
380 3367 518 3433 magnos
539 3367 663 3408 cuneos
683 3341 843 3422 insecuti,
864 3367 983 3433 magua
1002 3342 1072 3407 acie
1088 3344 1235 3407 Franco-

116 3469 185 3512 rum
215 3446 364 3535 fugiente
395 3445 544 3511 totaliter
575 3446 626 3510 vel
656 3469 717 3533 per
742 3458 868 3535 partes,
904 3470 982 3510 casu
1012 3469 1173 3534 equorum
1203 3458 1235 3510 et

115 3549 333 3637 oppressione
357 3547 529 3628 suffocata,
552 3546 593 3613 ad
621 3571 747 3639 regem,
772 3549 831 3637 qui
858 3571 932 3612 eum
961 3571 1080 3638 magna
1107 3547 1179 3612 acie
1203 3560 1235 3614 et

116 3651 191 3716 forti
212 3665 303 3717 retro
322 3652 508 3716 custodiam
528 3653 664 3716 tenebat
690 3651 805 3716 electis
831 3651 1073 3716 circumdatum
1098 3652 1235 3717 bellato-

118 3753 208 3819 ribus
225 3768 258 3819 et
277 3755 436 3844 expertis,
458 3767 696 3843 pervenerunt.
719 3756 826 3835 Quem
848 3778 932 3819 unus
951 3777 1092 3846 magnus
1109 3778 1235 3818 cuneus

117 3856 369 3923 Flandreusium
406 3856 588 3922 crudeliter
616 3857 795 3936 invadens,
825 3856 981 3946 plurimis
1006 3856 1168 3921 nobilium
1204 3870 1236 3921 et

120 3962 278 4047 majorum
289 3962 390 4050 regis,
404 3983 502 4047 supra
519 3959 629 4046 ipsum
639 3959 783 4024 viriliter
796 3959 1041 4024 etnobiliterse
1051 3972 1233 4038 tenentem,

119 4073 153 4124 ut
168 4062 217 4126 sui
242 4075 275 4126 et
296 4063 394 4126 etiam
420 4062 643 4126 Flaudrenses
667 4063 782 4126 hostes
803 4061 853 4126 sui
872 4073 1053 4139 testantur,
1079 4073 1111 4125 et
1134 4062 1236 4126 resis-

119 4173 253 4243 tentem,
283 4164 561 4252 relinquentibus-
582 4177 614 4228 et
638 4165 861 4254 fugientibus,
889 4164 1046 4228 confosso
1072 4165 1133 4229 sub
1159 4165 1234 4253 ipso

120 4264 284 4333 dextrario
311 4291 382 4349 suo,
415 4268 456 4331 ad
480 4279 605 4332 terram
630 4269 825 4356 prostravit,
855 4267 1009 4354 plurimis
1038 4265 1234 4331 custodibus
