3178 5192
360 418 390 464 24
691 377 697 396 ·
739 419 888 468 inultus
906 419 1100 469 GANDENSES
1422 421 1475 466 1301

360 536 514 613 Jacobus,
546 558 613 599 non
632 533 695 600 uisi
719 559 793 601 cum
811 537 919 601 .CCC.
950 537 1121 625 equitibus
1144 537 1238 626 quasi
1259 535 1477 601 amicabiliter

359 638 470 702 villam
488 639 654 702 iutrarent
674 651 706 702 et
727 637 799 704 sine
816 639 928 704 armis.
947 643 973 705 T
977 663 1040 704 unc
1056 640 1198 728 quadam
1214 641 1295 705 seria
1313 643 1401 720 ‚1V.,
1420 639 1478 703 sci·

360 740 439 804 licet
460 742 574 807 ‚XVlL
595 741 660 806 kal.
681 741 805 822 Junii¹‚
823 741 950 807 invilla
971 743 1137 832 Brugeusi
1150 742 1285 832 publice
1300 743 1480 831 proclama-

360 855 429 906 tum
448 856 510 920 cst,
534 843 623 931 quod
642 868 774 922 omnes,
795 845 851 932 qui
867 843 932 909 sibi
952 844 993 908 de
1011 844 1228 933 inquisitione
1255 845 1366 910 fienda
1389 844 1480 907 time·

360 959 448 1023 rent,
461 958 537 1011 autc
553 969 674 1010 nonam
687 945 753 1012 diei
769 947 915 1012 crastino
931 946 1042 1012 villam
1059 947 1199 1012 exirent.
1217 949 1314 1028 Quod
1334 947 1482 1012 lecerunt

348 1046 496 1136 ¹circiter
516 1050 567 1115 .V.
586 1047 688 1112 millia
709 1048 867 1128 virorum,
888 1049 1060 1138 paulatim,
1081 1039 1161 1114 feria
1182 1052 1249 1116 .lV.
1267 1049 1324 1114 illa
1339 1061 1481 1114 etnocte

361 1149 515 1238 sequenti
536 1163 570 1214 et
589 1151 753 1222 crastiua,
778 1152 889 1216 villam
916 1150 1164 1240 relinquentes;
1183 1152 1436 1218 collocaverunt
1452 1175 1482 1214 se

361 1252 395 1317 iu
416 1255 498 1318 Dam
520 1265 552 1317 et
572 1253 796 1340 Ardenburgh
813 1267 846 1318 et
866 1255 1062 1345 Oostburgh
1081 1267 1115 1318 et
1133 1279 1232 1344 supra
1249 1254 1343 1319 littus
1367 1267 1483 1343 portus

362 1349 497 1434 marini,
526 1356 583 1443 qui
603 1369 740 1421 vocatur
763 1356 867 1422 Zwin.
889 1355 1071 1423 Venientes
1092 1371 1199 1422 autem
1217 1357 1352 1446 quidam
1378 1381 1421 1420 ex
1446 1355 1483 1419 iis

362 1459 395 1522 iu
415 1461 511 1536 Dam,
536 1457 735 1523 invenerunt
757 1457 804 1523 ibi
823 1483 947 1547 coquos
969 1472 1001 1524 et
1017 1460 1138 1525 multos
1159 1459 1201 1523 de
1219 1459 1344 1524 familia
1368 1457 1481 1522 Jaccbi

361 1574 393 1624 et
412 1584 563 1652 magnam
587 1560 715 1650 copiam
732 1560 798 1626 viui
816 1574 850 1626 et
869 1561 1084 1639 cibariorum,
1105 1586 1203 1650 quum
1223 1561 1427 1651 premiserat
1446 1557 1484 1623 ad

360 1663 585 1752 provisionem
607 1664 772 1730 exercitus
798 1665 849 1728 sui
874 1665 1016 1755 Brugas,
1043 1676 1076 1727 et
1097 1663 1145 1729 ibi
1170 1663 1264 1752 quasi
1289 1664 1322 1728 in
1345 1663 1483 1752 proprio

360 1766 492 1830 venturi
512 1778 545 1830 ct
563 1767 785 1854 permansuri,
804 1765 997 1853 dequibus,
1020 1767 1148 1832 scilicet
1164 1767 1281 1854 coquis
1299 1781 1332 1832 et
1353 1763 1483 1830 famulis

362 1868 494 1946 Jacobi,
518 1868 648 1956 aliquos
671 1867 884 1946 occiderunt,
914 1868 1034 1934 multos
1062 1868 1337 1948 vulneraverunt,
1357 1869 1434 1933 vina
1455 1879 1484 1929 ct

363 1969 486 2034 cibaria
505 1969 673 2059 rapientes
686 1984 719 2035 et
730 1985 977 2036 consumentes.

406 2073 500 2137 Feria
527 2073 631 2163 igitur
654 2075 720 2150 .V.,
748 2073 876 2138 scilicet
899 2076 997 2140 .XVl‚
1024 2074 1090 2138 kal.
1117 2072 1242 2151 Juniiss,
1278 2075 1427 2140 Jacobus
1456 2084 1484 2133 et

362 2177 480 2240 Petrus
497 2174 538 2240 de
558 2174 652 2240 Flota
673 2175 834 2263 predicti,
853 2175 940 2240 circa
961 2178 1075 2240 boram
1095 2200 1326 2264 vesperarum,
1350 2177 1394 2240 de
1413 2198 1484 2263 pro·

363 2277 463 2341 misso
483 2291 516 2341 et
536 2277 693 2342 condicto
708 2317 752 2328 -
773 2277 903 2343 scilicet
922 2279 1013 2365 quod
1036 2303 1110 2343 cum
1130 2279 1291 2343 trecentis
1313 2277 1484 2366 equitibus

361 2380 514 2445 venirent
530 2381 601 2444 sine
618 2379 777 2444 armis-
792 2404 858 2444 nou
877 2395 1045 2459 curantes,
1062 2406 1136 2445 cum
1153 2381 1243 2446 mille
1260 2378 1485 2471 septingentis

362 2481 531 2569 equitib'us
551 2483 677 2570 optime
700 2484 847 2561 armatis,
877 2495 910 2547 et
938 2482 1131 2561 balistariis,
1155 2483 1326 2572 peditibus
1352 2504 1484 2571 quoque

363 2583 476 2649 multis
514 2584 626 2663 valde,
661 2584 772 2650 villam
817 2587 1025 2675 Brugensem
1058 2585 1287 2663 intraverunt,
1325 2584 1485 2673 episcopo

363 2687 649 2752 Autissiodorensi
670 2688 704 2752 in
725 2689 887 2753 Curtraco
902 2688 1032 2753 relicto.
1051 2690 1193 2753 Jacobus
1215 2689 1327 2767 etiam,
1347 2701 1383 2753 ut
1399 2687 1484 2750 vide·

363 2805 433 2868 tur,
465 2790 571 2854 elatus
596 2803 629 2854 et
652 2791 880 2882 indignativus
910 2816 945 2856 se
972 2793 1144 2856 continere
1165 2815 1231 2855 non
1252 2790 1374 2880 potuit,
1406 2788 1483 2876 quin

363 2891 530 2981 aliquibus
550 2892 591 2958 de
609 2895 847 2958 communitate
865 2893 930 2957 sibi
951 2895 1187 2959 occurentibus
1208 2916 1325 2982 aspera
1346 2893 1486 2958 inferret

362 2996 480 3073 verba,
502 2995 695 3084 vultumque
716 2995 764 3059 eis
788 3009 917 3060 torvum
947 2997 1141 3062 ostenderet
1172 3008 1204 3061 et
1225 2996 1408 3060 crudelem.
1441 2995 1485 3057 Ex

364 3099 486 3187 quibus
503 3096 657 3162 omnibus
674 3097 739 3180 illi,
758 3099 814 3185 qui
831 3097 872 3162 de
894 3098 1131 3163 communitate
1154 3100 1188 3163 in
1212 3098 1289 3162 villa
1315 3119 1484 3162 remanse-

365 3214 451 3280 rant,
466 3199 546 3288 pelli
562 3224 619 3264 suc
635 3198 804 3279 timentes,
823 3199 924 3288 aliqui
943 3225 981 3266 ex
997 3201 1051 3278 iis,
1067 3215 1101 3266 ut
1116 3201 1241 3266 dicitur
1257 3213 1290 3264 et
1304 3213 1340 3265 ut
1355 3202 1485 3265 videtur

365 3328 425 3392 per
440 3302 597 3368 ellectum
613 3315 887 3390 consequentem,
904 3303 1004 3367 sociis
1017 3304 1095 3384 suis,
1116 3304 1173 3392 qui
1193 3302 1303 3367 villam
1321 3302 1482 3376 exierant,

365 3404 452 3470 circa
479 3405 712 3494 crepusculum
738 3405 995 3482 mandaverunt,
1023 3405 1125 3494 quod,
1154 3405 1180 3468 si
1208 3404 1332 3470 vellent
1360 3405 1484 3471 salvare

363 3508 462 3574 vitam
476 3531 580 3586 suam,
600 3532 755 3586 uxorum,
774 3507 936 3586 filiorum,
954 3507 1163 3597 filiarumque
1182 3532 1315 3572 suarum
1336 3520 1368 3571 et
1387 3507 1485 3572 etiam

365 3611 547 3676 amicorum
569 3621 602 3674 et
620 3608 729 3673 villam
752 3614 971 3700 Brugensem,
991 3611 1078 3676 circa
1095 3635 1246 3675 auroram
1266 3635 1380 3674 omnes
1397 3609 1484 3674 redi·

365 3727 451 3792 rent,
480 3738 553 3776 cum
578 3712 715 3778 Francis
738 3713 936 3800 pugnaturi3
964 3713 1004 3778 ad
1034 3713 1123 3802 quod
1151 3711 1329 3776 voluntarii
1359 3708 1484 3776 inventi

365 3829 440 3880 sunt
461 3829 494 3880 et
509 3814 627 3903 parati.
651 3817 800 3901 Cumque
820 3815 898 3880 seria
917 3819 967 3882 .V.
991 3816 1140 3905 predicta
1159 3815 1278 3879 Gallici
1300 3815 1350 3880 vel
1366 3813 1482 3880 Franci

366 3931 559 3997 cenassent,
581 3931 613 3982 et
637 3919 779 3982 Jacobus
799 3917 988 3982 ordinasset
1016 3918 1136 3982 milites
1165 3931 1198 3980 et
1217 3918 1347 4004 equites
1365 3919 1484 3985 multos

333 4246 335 4257 ι
397 4223 420 4269 1.
437 4224 506 4278 1302,
520 4224 549 4270 16
563 4222 623 4270 mai.

395 4285 418 4332 2.
438 4286 507 4342 1302,
520 4286 548 4332 17
562 4285 623 4333 mni.
