3154 5190
339 396 370 444 m
716 393 865 446 annates
882 393 1076 444 GANDENSES
1397 398 1455 445 taut

337 512 459 601 quibus
476 512 575 576 etiam
598 511 839 578 llollandenses
863 512 904 576 de
926 524 1024 577 nocte
1040 513 1304 580 acclamaverant
1324 539 1330 576 :
1354 541 1370 576 a
1386 515 1452 580 No-

338 613 415 679 bilis
431 613 554 704 popule
579 613 752 698 Zelandie‚
777 613 886 704 cogita
908 615 949 678 de
970 615 1131 680 fidelitate
1150 615 1191 680 ad
1211 639 1326 681 verum
1348 616 1455 681 domi-

339 740 417 780 num
441 717 556 782 tuum!
579 743 596 778 »
617 753 660 766 -
675 717 784 804 primo
804 740 879 780 cum
900 715 1040 782 navibus
1055 716 1124 788 suis
1146 718 1260 807 sugere
1282 732 1443 808 ceperunt

339 818 562 884 Flandrenses
585 819 702 896 etiam,
727 817 782 906 qui
807 831 903 883 erant
926 817 960 882 in
987 819 1126 884 navibus
1158 820 1359 900 minoribus,
1389 844 1457 885 cer·

340 933 456 986 nentes
474 921 585 1011 lugam
599 919 856 985 Zelandensium
870 920 1112 1009 predictorum,
1131 935 1164 986 et
1181 924 1309 1002 hostes,
1324 945 1445 1010 -quo

339 1049 410 1090 rum
431 1047 529 1089 naves
544 1047 662 1112 magne
678 1035 894 1089 concatenate
915 1037 1010 1088 erant
1031 1024 1120 1089 etde
1136 1049 1200 1090 una
1221 1024 1262 1089 ad
1279 1024 1378 1090 aliam
1398 1049 1459 1114 per

338 1127 474 1216 plancas
497 1125 641 1222 transire
661 1137 829 1214 poterant,
853 1137 889 1189 ut
910 1150 945 1190 se
969 1139 1082 1192 mutuo
1101 1125 1458 1214 adjuvarent‚—Gui·

339 1229 459 1294 donem
475 1242 508 1294 et
524 1253 617 1307 suos,
640 1228 697 1317 qui
726 1241 820 1292 erant
838 1228 871 1291 in
894 1227 1022 1316 magnis
1038 1227 1189 1307 navibus,
1210 1229 1367 1294 invadere
1383 1255 1458 1296 cum

339 1330 467 1397 marino
491 1329 592 1409 ssuxu,
614 1343 647 1396 et
670 1331 760 1418 quod
780 1353 895 1396 corum
918 1329 1109 1396 resistentia
1126 1330 1211 1396 nihil
1229 1344 1346 1419 posset
1360 1332 1459 1420 prod·

338 1463 427 1517 esse,
451 1450 565 1526 utpote
578 1461 720 1526 quornm
736 1460 835 1502 naves
852 1436 957 1502 divise
978 1450 1084 1516 erant,
1110 1437 1154 1502 ita
1171 1423 1265 1527 cuod
1287 1463 1323 1504 sc
1344 1453 1458 1504 mutuo

334 1547 448 1634 juvare
468 1569 534 1608 non
554 1544 726 1609 valerent:
748 1568 864 1610 omnes
887 1543 1085 1632 prudenter,
1108 1545 1289 1635 assumptis
1310 1545 1352 1610 dc
1373 1548 1457 1624 suis,

337 1651 452 1740 quiin
481 1651 573 1716 arida
599 1663 845 1730 remanserant,
880 1674 964 1739 quos
998 1663 1181 1740 potuerunt
1216 1677 1400 1731 assumere,
1426 1665 1460 1718 et

337 1753 436 1819 ctiam
468 1754 562 1822 multi
589 1753 631 1818 de
659 1753 712 1832 iis,
737 1753 793 1842 qni
820 1755 853 1817 in
885 1753 1014 1844 magnis
1043 1768 1138 1818 crant
1160 1756 1313 1834 navibus,
1340 1779 1458 1820 versus

336 1857 527 1922 Flandriam
558 1868 789 1933 recesserunt3
816 1854 974 1921 videbant
1003 1855 1091 1920 enim
1124 1857 1262 1936 bellom,
1300 1869 1337 1922 ut
1361 1857 1459 1946 gnari

337 1960 448 2037 maris,
469 1957 640 2024 amissum.
663 1960 732 2024 Hoc
752 1956 840 2032 idem
864 1957 1014 2022 feceruut
1036 1957 1273 2038 Zelandenses,
1294 1957 1352 2047 qui
1370 1959 1461 2026 fave·

336 2061 416 2124 bant
435 2059 582 2125 (luidoni
598 2073 631 2124 et
647 2083 721 2124 cuna
740 2083 780 2124 co
795 2073 889 2124 erant
910 2084 950 2124 ex
962 2060 1076 2124 corde.

380 2162 490 2228 Guido
508 2163 621 2252 igitur,
638 2160 757 2226 videns
778 2185 813 2226 se
834 2185 851 2224 a
874 2161 961 2240 suis,
984 2163 1093 2250 quiin
1114 2161 1301 2228 minoribus
1317 2165 1459 2230 navibus

335 2279 441 2345 erant,
462 2264 676 2341 derelictum,
695 2287 772 2330 suos
788 2263 900 2343 etiam,
922 2262 980 2354 qui
996 2279 1091 2329 erant
1105 2265 1137 2329 in
1160 2265 1344 2354 majoribus
1366 2266 1459 2332 navi-

337 2369 410 2446 bus,
439 2367 480 2432 de
505 2366 553 2431 eis
583 2367 617 2430 in
646 2365 780 2454 scaphis
807 2378 840 2430 et
865 2366 1051 2432 minoribus
1081 2367 1219 2432 navibus
1246 2368 1457 2449 exsilientes,

334 2483 367 2534 et
402 2469 597 2558 prudenter,
632 2493 672 2532 ex
700 2491 767 2556 quo
802 2467 887 2534 nihil
914 2469 1073 2534 valuisset
1103 2493 1218 2536 eornm
1251 2463 1457 2552 resistentia,

333 2571 521 2662 fugientes3
553 2595 626 2636 cum
658 2571 731 2658 ipse
764 2571 863 2636 etiarn
899 2572 985 2636 bene
1017 2584 1049 2636 et
1077 2585 1268 2661 opportuno
1302 2585 1458 2661 tempore

333 2674 498 2764 potuisset
521 2672 683 2763 effugere,
708 2673 736 2738 si
763 2673 935 2751 voluisset,
963 2687 996 2738 et
1027 2697 1101 2738 cum
1124 2673 1189 2738 sibi
1214 2674 1278 2739 hoc
1302 2675 1399 2740 sortis
1420 2688 1457 2740 et

333 2789 491 2865 expertus
513 2775 620 2853 miles,
642 2775 798 2840 dominus
814 2774 855 2839 de
880 2775 995 2840 Axella
1016 2777 1141 2855 senior,
1168 2777 1372 2855 consuleret,
1396 2777 1457 2866 qui

333 2903 407 2944 cum
428 2903 467 2944 eo
484 2892 567 2957 erat,
583 2901 638 2956 ne,
666 2890 702 2941 ut
722 2877 945 2942 Machabaeus
964 2877 1084 2955 dixitl,
1107 2879 1268 2944 maculam
1290 2877 1323 2944 in
1347 2879 1457 2969 gloria

334 3005 390 3046 soa
407 2994 560 3070 poneret,
583 2979 726 3069 quadani
742 2977 924 3044 indiscreta
938 2979 1212 3070 magnanimitate
1227 2994 1260 3046 et
1279 2980 1456 3048 nobilitate

333 3085 447 3174 lugere
462 3083 596 3149 erubuit
613 3094 646 3146 et
668 3081 786 3148 noluit.
807 3082 904 3150 Unde
922 3082 963 3146 ab
984 3081 1169 3148 admiraldo
1189 3095 1314 3148 armata
1336 3108 1453 3164 manu,

333 3187 489 3275 quamdiu
506 3197 649 3274 poterat,
672 3207 706 3248 se
727 3183 912 3250 defendens
930 3197 964 3248 et
984 3184 1158 3265 resistens,
1179 3185 1238 3250 sed
1253 3209 1320 3250 non
1336 3210 1464 3275 preva-

332 3289 417 3366 lens,
439 3288 574 3352 tandem
595 3310 630 3350 se
660 3285 806 3352 reddens
829 3309 903 3350 cum
932 3286 1085 3374 predicto
1109 3286 1245 3352 domino
1270 3287 1311 3352 de
1338 3287 1455 3353 Axella

332 3388 436 3454 milite
452 3403 569 3477 captus
593 3401 660 3466 est,
679 3389 813 3467 ceteris,
833 3387 890 3478 qui
913 3388 947 3452 in
968 3389 1150 3478 majoribus
1172 3402 1268 3454 eraut
1300 3390 1452 3470 navibus,

331 3492 499 3580 aliquibus
517 3489 649 3568 occisis,
668 3492 781 3578 paucis
802 3489 922 3580 captis,
939 3489 1077 3580 reliquis
1097 3516 1159 3581 per
1179 3492 1289 3582 lugam
1307 3492 1453 3558 evaden-

331 3593 422 3659 tibus
443 3617 517 3658 cnm
534 3590 722 3658 minoribus
742 3591 878 3657 navibus
895 3605 928 3656 et
948 3592 1084 3682 scaphis
1095 3594 1119 3658 ².

361 3817 383 3866 l.
402 3816 442 3864 Oo
453 3817 539 3878 plutot
552 3813 738 3875 l'llccltaieste,
749 3813 826 3877 chap.
843 3816 881 3870 33,
894 3831 918 3866 v.
930 3817 960 3863 24
973 3829 980 3864 :
992 3831 1004 3862 n
1018 3815 1054 3862 Ne
1067 3815 1170 3864 dederis
1182 3816 1313 3864 maculam
1326 3816 1352 3864 in
1364 3817 1453 3880 gloria
1555 3867 1556 3888 ἶ

332 3885 387 3928 tua.
400 3895 412 3925 u
424 3878 463 3926 Cl.
477 3876 554 3934 leid,
569 3877 646 3940 chop.
657 3877 696 3932 47,
709 3892 733 3922 v.
748 3877 786 3923 22.

361 3943 383 3988 2.
402 3941 472 3987 Nous
485 3955 567 3986 avons
579 3955 624 3985 sur
637 3939 662 3984 ln
672 3938 780 3986 bntnille
791 3937 822 3984 de
831 3938 966 3997 Zierlczee,
979 3945 1053 3986 outre
1066 3940 1092 3987 la
1101 3937 1212 3987 relation
1225 3941 1260 3987 du
1271 3941 1401 3996 Minorite,
1414 3941 1451 3988 les

330 4002 455 4051 relations
466 4017 559 4049 encore
569 4002 629 4064 plus
640 4001 812 4063 importantes
823 4001 869 4048 des
880 4001 1092 4066 contempornins
1101 4001 1181 4050 Guill.
1191 4002 1294 4058 Goiert,
1324 4004 1378 4052 ubl.
1386 4004 1451 4051 dans

329 4069 359 4114 D.
368 4069 493 4128 Bouquel,
503 4071 521 4111 t.
532 4064 608 4118 ΧΧΙΙ,
616 4069 641 4110 et
650 4060 723 4110 Melis
735 4064 822 4111 stoke.
833 4063 871 4111 On
881 4061 936 4110 doit
945 4081 994 4112 une
1007 4063 1128 4112 nouvelle
1137 4064 1234 4112 edition
1247 4066 1278 4112 de
1314 4065 1361 4114 elis
1374 4067 1451 4113 Stolre

329 4130 384 4176 tn.
397 4128 463 4175 Brill
474 4126 600 4191 (Utrecbt,
611 4127 679 4182 1885,
690 4126 703 4170 2
713 4125 763 4174 vol.
775 4125 851 4189 in-8).
860 4126 907 4175 Ces
919 4126 1045 4174 relations
1056 4132 1115 4173 sont
1123 4130 1309 4176 extremement
1317 4129 1448 4180 etcaduca.

330 4191 434 4238 D'autre
447 4197 508 4254 part
523 4205 555 4236 on
566 4189 615 4235 lirn
629 4187 667 4234 les
684 4185 823 4236 mdmoires
837 4187 880 4251 qul
897 4195 942 4236 ont
954 4193 994 4237 ete'
1007 4191 1172 4236 consecrent
1186 4197 1226 4237 oct
1238 4192 1390 4239 &venement
1401 4205 1450 4254 per

328 4253 415 4302 l'abbe
430 4254 466 4301 De
479 4253 560 4314 Smet,
571 4251 637 4298 dans
650 4251 687 4298 les
702 4253 783 4297 Noua.
796 4255 868 4297 metit.
884 4250 1024 4300 del'Acad.
1038 4251 1070 4297 de
1086 4252 1227 4310 Bruxellee,
1242 4260 1259 4301 t.
1274 4253 1354 4302 XVlll
1369 4253 1449 4317 (tals,
