3154 5190
356 461 387 508 et
738 457 888 508 ANNALES
906 457 1099 508 GANDENSES
1408 459 1456 506 1301

402 580 524 666 Sicque
553 591 640 643 terra
663 577 897 644 Flundrensis.
925 577 1071 641 hostium
1092 579 1254 668 sanguine
1279 591 1312 642 et
1341 601 1455 641 suorum

356 682 457 769 longo
473 693 622 770 tempore
638 704 743 768 usque
762 680 802 743 ad
818 679 977 743 vomitum
996 681 1111 744 satiata
1133 693 1165 744 ct
1185 680 1359 754 inebriata,
1378 677 1457 768 quasi

356 787 600 854 obdormiendo
623 811 639 851 a
661 786 775 874 preliis
801 785 893 850 siluit
913 799 947 850 et
971 787 1108 875 quievit.
1136 790 1210 870 Que
1230 785 1355 850 utinam
1377 809 1458 850 num·

355 915 452 980 quem
474 890 610 980 evigilet
624 889 674 952 vel
696 886 875 952 excitetur!

400 995 485 1056 Pace
498 989 609 1080 itaque
621 990 827 1066 confirmata,
848 989 1104 1055 Flundrensium
1119 991 1298 1056 multorum
1312 989 1458 1055 nobilium

354 1107 387 1158 et
403 1093 553 1170 divitum,
568 1095 661 1181 juxta
674 1091 842 1156 montem¹
861 1105 1078 1171 mortuorum,
1096 1093 1255 1158 cadavera
1271 1091 1369 1158 amici
1386 1091 1460 1180 ipso·

355 1221 425 1260 rum
443 1195 669 1286 quesiverunt,
689 1208 723 1259 et
742 1194 960 1283 quorumdam
980 1196 1111 1259 inventa
1133 1208 1210 1260 sunt
1225 1208 1258 1260 et
1275 1196 1317 1260 ed
1332 1194 1422 1258 villas
1436 1207 1462 1256 et

354 1299 426 1363 loce
446 1323 503 1362 sua
527 1297 679 1375 reducta,
700 1310 732 1360 et
753 1296 973 1385 quorumdam
993 1321 1071 1360 vero
1091 1321 1269 1386 numquam
1293 1308 1461 1386 potuerunt

353 1401 507 1465 inveniri.
531 1403 624 1465 Tune
644 1400 755 1476 etiam,
773 1411 809 1463 ut
825 1397 952 1463 dictum
968 1411 1032 1477 est,
1056 1422 1178 1486 corpus
1197 1398 1371 1468 Wilhelmi
1389 1397 1462 1462 dici·

352 1516 407 1567 tur
445 1502 545 1567 luisse
583 1501 771 1569 inventum.
808 1501 865 1564 sed
898 1502 961 1566 hoc
993 1500 1085 1565 multi
1112 1525 1179 1566 non
1210 1501 1366 1580 credunt,
1396 1499 1461 1590 quie

354 1605 472 1670 Franci
487 1604 581 1668 valde
597 1603 778 1693 diligenter
793 1602 902 1691 ipsum
919 1617 1110 1692 querentes,
1132 1605 1159 1668 si
1175 1603 1396 1682 invenissent,
1413 1627 1462 1690 pre

352 1708 430 1772 odio
448 1707 481 1772 in
499 1708 600 1771 l'rusta
619 1705 880 1794 discerpsissent
897 1705 948 1769 vel
963 1705 1207 1774 incendissent.

397 1810 491 1875 Circa
514 1807 602 1874 istud
620 1821 752 1896 tempus
772 1808 958 1882 lohannes,
981 1832 1091 1872 eomes
1113 1809 1265 1874 Hononie
1287 1822 1321 1874 et
1342 1808 1462 1873 Hollan·

353 1913 419 1989 die,
434 1911 529 1990 obiit,
551 1912 601 1976 cui
620 1909 781 1974 successit
796 1909 1011 1987 Wilhelmus,
1031 1909 1119 1974 filius
1135 1913 1207 1998 ejus
1218 1912 1241 1976 ².

396 2014 493 2081 Unde
510 2014 552 2078 nd
573 2012 828 2103 intelligentiam
853 2011 1030 2076 multorum
1052 2014 1304 2101 premissorum,
1326 2013 1381 2078 hic
1397 2014 1464 2076 bre-

352 2116 436 2181 viter
460 2115 643 2180 notandum
669 2126 735 2190 est,
766 2113 872 2200 quod,
898 2114 984 2178 circa
1011 2139 1132 2178 annum
1156 2114 1290 2180 Domini
1319 2115 1462 2190 .Mcc.³,
1531 2149 1532 2190 ;

352 2219 548 2295 Belduinus‚
572 2241 683 2281 eomes
706 2215 862 2279 Flendrie
883 2229 916 2281 et
936 2215 1105 2294 Hauonie,
1124 2241 1198 2282 cum
1214 2218 1329 2283 multis
1351 2216 1464 2283 nobili·

352 2321 413 2385 bus
441 2320 482 2384 de
503 2319 644 2384 Francia
671 2331 704 2381 et
726 2331 814 2381 terra
842 2342 899 2382 sua
921 2341 1035 2382 versus
1059 2319 1213 2384 Greciam
1242 2321 1414 2408 profectus
1438 2331 1465 2382 et
1531 2303 1532 2306 Ἴ

311 2421 313 2424 ’
351 2423 527 2510 imperium
546 2418 956 2508 Constantinopolitanum
976 2434 1167 2499 essecutus,
1194 2421 1276 2487 duas
1300 2421 1464 2488 nobilissi-

353 2549 422 2588 mos
442 2523 578 2612 reliquit
598 2522 699 2598 filias,
718 2521 821 2586 filium
842 2547 909 2586 non
930 2523 1076 2600 habens,
1097 2524 1228 2590 scilieet
1242 2526 1426 2590 Jolrannem
1439 2536 1465 2588 et

351 2629 585 2716 Margaretem.
603 2627 753 2693 lohnnnn
772 2638 881 2689 nutem
898 2625 1045 2690 nobilem
1062 2625 1192 2714 aceepit
1211 2628 1358 2715 primum
1375 2625 1465 2692 mari-

350 2743 420 2794 tum
438 2728 665 2806 Fernandum,
690 2725 793 2791 lilium
816 2727 905 2816 regis
924 2728 1132 2816 portugalie,
1156 2743 1269 2817 postea
1287 2730 1464 2796 secundum
1531 2779 1532 2786 .

351 2834 524 2908 lbomnm,
542 2830 724 2921 ingenuum
741 2828 846 2894 virum
863 2829 904 2892 de
924 2842 1011 2893 terre
1027 2831 1239 2920 Burgundie;
1266 2833 1395 2923 luitque
1418 2836 1465 2898 Jo-

350 2935 457 2998 hanna
472 2935 631 3023 princeps
648 2931 823 3020 utriusque
839 2932 1029 3010 comitatus,
1052 2933 1148 2998 annis
1167 2935 1235 2999 lere
1259 2936 1365 3001 .XL‘¹.
1385 2939 1465 3002 Mar·
1531 2999 1532 3004 ,

349 3049 496 3126 garetnm
508 3048 617 3099 autem
627 3032 762 3122 reliquit
778 3046 872 3120 pater
883 3057 960 3098 suus
977 3034 1106 3098 cuidam
1121 3049 1263 3125 cognato
1275 3061 1350 3117 suo,
1367 3035 1465 3103 nobili

349 3152 382 3202 et
397 3137 491 3203 diviti
510 3139 598 3215 viro,
624 3159 722 3224 quem
743 3135 807 3198 sibi
824 3134 1053 3200 fidelissimum
1078 3141 1271 3218 reputabat,
1293 3141 1466 3206 Bochardo

349 3241 390 3305 de
404 3242 553 3318 Averna,
571 3237 693 3303 elerico
702 3250 734 3301 et
748 3237 907 3302 canonico
918 3238 950 3301 in
961 3237 1100 3303 diversis
1114 3240 1209 3319 locis,
1229 3255 1264 3306 ut
1277 3267 1348 3308 eam
1367 3268 1466 3332 usque
1531 3231 1532 3254 ¹

348 3343 389 3407 nd
419 3344 549 3408 nubiles
575 3365 679 3405 annos
706 3341 858 3404 nutriens
883 3339 1080 3406 custodiret.
1104 3341 1168 3426 Qui
1196 3346 1409 3425 Bochardus,
1438 3358 1468 3410 ut

348 3444 599 3510 infidelissimus
620 3455 652 3507 et
679 3441 960 3532 flagitiosissimus
984 3443 1102 3521 homo,
1127 3447 1347 3536 Margaretam
1374 3449 1467 3538 virgi-

348 3571 422 3612 nem
433 3559 524 3612 tante
536 3543 732 3610 excellentie
745 3557 778 3608 et
793 3541 980 3632 dignitatis,
999 3557 1114 3633 utpote
1126 3545 1337 3637 imperatoris
1354 3550 1465 3628 filiam,

347 3674 420 3715 cum
442 3673 545 3714 annos
565 3646 750 3735 pubertatis
775 3643 953 3733 attigisset,
981 3645 1144 3711 incestum
1163 3674 1238 3714 eum
1255 3676 1292 3716 eu
1319 3653 1466 3718 commit-

345 3873 370 3918 lu
385 3871 467 3918 seelts
480 3875 505 3916 et
514 3871 626 3916 nlermes
639 3867 670 3913 de
682 3868 752 3914 l'une
766 3867 849 3930 partie
862 3873 887 3913 et
898 3867 928 3914 de
941 3866 1042 3924 l'uutre,
1057 3885 1107 3932 pnr
1117 3871 1175 3918 leur
1189 3888 1281 3928 senus,
1295 3890 1344 3936 per
1361 3875 1423 3938 quoi
1435 3891 1465 3921 on

345 3933 378 3980 ,μὶ
391 3934 503 3996 Ρηοῑιῃε
516 3937 606 3978 mettre
621 3947 650 3976 ne
664 3934 742 3977 oster.
757 3929 958 4001 Dont.'dist-on,
972 3947 1020 3992 que
1034 3947 1067 3978 on
1081 3933 1152 3979 uvoit
1164 3934 1244 3982 trives
1256 3936 1333 3984 tressi
1346 3954 1380 3986 au
1393 3937 1463 4000 ,xiijt

341 3994 402 4058 jour
415 3996 446 4042 de
461 3994 532 4046 Nost.
553 4000 578 4040 et
597 3991 718 4040 devoicnt
737 4007 809 4038 venir
825 3991 844 4037 li
860 3991 982 4039 Flamenc
997 4009 1012 4039 u
1028 3994 1175 4056 purlement
1187 4013 1202 4043 e
1214 3998 1298 4053 Puris,
1313 3999 1412 4048 dedens
1429 4001 1464 4048 les

344 4065 448 4106 octavos
462 4057 529 4104 dele
543 4053 737 4102 Suint-Andriu.
753 4053 844 4100 »Birt
859 4070 913 4116 roy.
928 4055 959 4102 de
973 4055 1117 4112 Bruxelles,
1132 4055 1180 4105 mi.
1193 4059 1329 4118 insol-64,
1344 4064 1361 4108 f.
1376 4064 1421 4110 207
1433 4073 1463 4110 r⁰.
1531 4079 1532 4088 ¹

377 4121 399 4167 l.
419 4121 490 4166 Lisez
501 4119 614 4165 Montem
625 4117 813 4171 Perellensem,
827 4117 1063 4166 Mons-en-Pevele.

375 4185 397 4230 2.
416 4183 481 4230 Jren
494 4182 516 4228 ll
531 4180 671 4228 d'Avesnes
687 4185 792 4226 mourut
806 4179 829 4225 le
842 4179 870 4224 11
883 4184 946 4241 sept.
963 4180 1032 4229 1304.

374 4248 396 4295 3.
417 4245 552 4293 Beudouin
564 4243 597 4290 lll
608 4241 689 4304 partit
702 4256 769 4304 pour
781 4239 958 4288 l'Orientvers
970 4241 994 4288 le
1004 4241 1064 4303 jour
1077 4243 1108 4290 de
1125 4245 1226 4307 Petques
1238 4247 1279 4310 (14
1301 4249 1376 4310 nvn),
1396 4251 1463 4298 1202.

373 4311 396 4358 4.
415 4304 626 4355 Exnetementdu
638 4305 666 4350 16
680 4303 731 4350 mei
744 4303 803 4350 1201
818 4319 850 4350 eu
864 4307 877 4349 ⁵
891 4303 946 4352 dec.
961 4303 1030 4350 1244.
