3178 5192
356 401 387 450 ts
736 399 886 450 xuuxuus
904 397 1098 448 exunuusus
1418 397 1471 446 1302
1533 385 1534 392 ’

356 518 437 586 Maii
456 517 640 607 profectus,
662 541 778 582 omues
791 516 872 582 istas
889 528 996 583 terras
1015 513 1179 595 obtinuit,
1203 512 1423 580 reddentibus
1442 539 1472 578 se

358 621 423 686 sibi
450 634 482 686 et
506 619 747 685 adherentibus
780 618 1004 685 libentissime
1029 631 1063 683 et
1087 631 1160 685 toto
1188 618 1290 684 corde
1324 615 1474 682 omnibus

356 722 561 814 vulgaribus,
584 722 641 811 qui
665 748 683 788 a
702 720 839 788 Francis
860 735 891 786 et
912 721 1067 788 Liliardis
1088 722 1157 786 suis
1179 722 1311 787 fuerant
1326 720 1474 809 oppressi

358 838 391 891 et
403 826 497 914 quasi
516 825 557 892 ad
571 825 787 890 servilitatem
803 824 942 890 redacti.
967 826 1118 913 Cumque
1132 825 1281 888 venisset
1292 826 1387 911 juxta
1397 825 1475 886 Ber·

357 952 433 1018 gam
454 952 528 993 cum
549 927 698 994 exercitu
718 952 777 992 suo
796 927 892 992 valde
916 927 1192 1018 magno„Franci
1208 939 1241 990 et
1260 925 1400 992 Liliardi
1416 924 1475 988 cir·

358 1031 442 1096 citer
461 1030 590 1119 equites
613 1029 820 1120 septingenti
845 1028 880 1094 in
904 1055 943 1094 ea
963 1031 1162 1108 existentes,
1192 1028 1273 1094 licet
1290 1028 1368 1093 villa
1394 1039 1479 1091 esset

359 1133 445 1198 bene
465 1133 603 1212 munita,
621 1145 730 1198 tamen
748 1156 814 1198 non
832 1132 1046 1198 confidebant
1063 1133 1105 1196 de
1121 1131 1350 1196 habitantibus
1365 1132 1399 1195 in
1418 1155 1474 1195 ea:

359 1260 426 1300 non
448 1248 525 1300 sunt
540 1235 610 1300 ausi
628 1258 734 1323 usque
755 1235 795 1308 ad
814 1233 1025 1300 obsidionem
1049 1234 1160 1323 ipsum
1181 1247 1397 1322 exspectare,
1425 1231 1477 1296 sed

359 1338 400 1402 de
421 1362 459 1402 ea
477 1338 642 1427 fugientes
662 1337 703 1402 ad
722 1336 833 1402 villam
855 1337 1171 1404 Sancti-Andomari
1190 1362 1224 1402 se
1248 1337 1476 1412 contulerunt;

359 1440 448 1505 unde
467 1440 669 1510 Wilhelmus
690 1440 763 1506 sine
785 1440 899 1506 labore
924 1439 1081 1506 obtinuit.
1109 1442 1158 1506 De
1182 1442 1290 1528 Berge
1311 1440 1477 1528 profectus

358 1567 483 1629 versus,
495 1543 677 1622 Casletum,
699 1556 770 1609 tota
784 1556 873 1609 terra
891 1556 924 1608 et
939 1543 1015 1608 villa
1037 1542 1223 1608 Casleteosi
1242 1541 1431 1608 voluntarie
1448 1564 1478 1603 se

359 1645 533 1723 reddente,
555 1646 662 1710 solum
679 1659 824 1711 castrum
845 1647 1026 1724 Casletum,
1051 1646 1141 1735 quod
1162 1647 1285 1710 eratin
1308 1644 1478 1710 cacumine

359 1747 493 1826 montis,
508 1747 594 1812 siout
609 1761 641 1813 et
660 1748 879 1814 fortissimum
895 1762 928 1815 et
945 1749 1100 1814 alaoobo
1116 1747 1252 1813 cibariis
1268 1761 1301 1811 et
1318 1745 1478 1812 machinis

359 1850 489 1915 bellicis
514 1863 546 1915 et
565 1851 644 1916 viris
666 1853 812 1916 strenuis
828 1852 914 1916 bene
935 1853 1116 1940 provisum,
1137 1850 1202 1916 sibi
1225 1851 1370 1930 restitit;
1392 1847 1478 1938 quod

358 1952 492 2018 obsedit
507 1953 609 2044 longo
623 1967 775 2042 tempore
797 1967 829 2019 et
849 1954 1068 2044 oppugnavit.

404 2055 500 2120 Circa
515 2055 720 2145 principium
738 2059 862 2122 mensis
878 2057 981 2137 lunii,
997 2057 1108 2123 Guido
1123 2057 1374 2134 Namurcensis,
1396 2054 1478 2120 filius

360 2159 503 2235 comitis,
525 2159 616 2224 venit
636 2163 777 2250 Bruges,
802 2159 858 2248 qui
876 2160 1121 2248 jucundissime
1139 2185 1155 2224 a
1175 2159 1252 2226 villa
1273 2173 1307 2225 et
1327 2159 1436 2248 patria
1451 2169 1480 2220 et

358 2259 530 2324 territorio
560 2274 727 2350 receptus
755 2286 927 2327 assumens
948 2287 1060 2328 secum
1081 2260 1262 2329 exercitum
1288 2275 1479 2350 competen-

359 2374 426 2426 tem
443 2363 611 2450 prolectus
627 2377 678 2429 est
699 2366 911 2443 Cornacum,
932 2365 1221 2453 reddentibusque
1238 2388 1272 2428 se
1290 2363 1355 2430 sibi
1370 2364 1479 2429 volun·

358 2466 442 2530 tarie
461 2466 537 2530 villa
558 2479 590 2530 et
609 2466 780 2532 territorio
802 2468 1016 2532 Curtracensi
1032 2480 1065 2532 et
1084 2466 1343 2546 Aldenardensi,
1366 2465 1479 2532 Liliar-

359 2567 411 2632 dis
445 2567 600 2634 omnibus
632 2567 797 2658 effugatis,
833 2583 980 2635 castrum
1015 2571 1238 2635 Curtracense
1280 2567 1417 2634 obsedit
1451 2577 1480 2630 et

359 2671 576 2758 oppugnavit.
595 2674 674 2736 Erat
690 2672 778 2736 enim
794 2673 889 2736 miles
908 2671 1129 2761 probissimus
1147 2685 1180 2738 et
1195 2672 1375 2761 gratiosus,
1395 2669 1479 2736 unde

360 2795 476 2836 omnes
495 2772 732 2853 Flandrenses,
752 2774 850 2839 amici
869 2775 1054 2862 patrissui,
1077 2775 1118 2839 de
1139 2775 1307 2862 presentia
1328 2774 1436 2862 ipsius
1452 2783 1480 2835 et

360 2874 547 2954 Wilhelmi,
566 2875 707 2942 animosi
725 2889 759 2941 ut
774 2876 889 2941 leones
905 2875 1017 2942 effecti
1031 2890 1119 2943 sunt.
1138 2876 1224 2944 Villa
1242 2876 1340 2942 etiam
1356 2880 1479 2966 Ypren·

361 2976 406 3040 sis
423 3001 458 3041 se
474 2976 538 3042 sibi
556 2979 706 3057 tradidit,
729 2991 839 3043 tamen
859 2979 998 3044 Liliardi
1015 2978 1103 3043 inea
1122 2979 1333 3044 dominantes
1349 3002 1480 3044 reman-

362 3094 493 3158 serunt;
524 3079 580 3167 qui
600 3081 701 3145 invite
730 3080 841 3144 villam
867 3080 931 3145 sibi
957 3080 1188 3160 tradidissent,
1221 3081 1286 3147 nisi
1313 3081 1424 3172 ipsum
1451 3090 1480 3142 et

362 3181 531 3270 propriam
554 3183 825 3248 communitatem
850 3183 915 3248 sibi
944 3183 1107 3248 laventem
1137 3184 1342 3250 timuissent.
1365 3183 1477 3256 Unde,

363 3297 397 3348 ut
417 3283 644 3363 involuntarii,
673 3310 739 3350 non
759 3277 923 3351 miserunt
946 3285 1011 3350 sibi
1036 3287 1097 3351 sub
1122 3287 1191 3352 suis
1217 3287 1372 3376 expensis
1393 3284 1479 3352 etde

362 3386 499 3476 propria
514 3389 752 3453 communitate
768 3387 832 3452 nisi
845 3388 1049 3478 quingentos
1064 3389 1207 3478 pedites,
1225 3414 1299 3454 cum
1315 3389 1479 3480 aliquibus

363 3487 559 3568 balistariis,
579 3490 620 3554 ad
638 3490 737 3556 castri
755 3492 989 3556 Curtraoensis
1008 3492 1307 3583 oppugnationem.

408 3592 492 3659 Villa
515 3592 705 3657 Gaudensis
724 3595 794 3682 regi
817 3593 948 3658 adhesit
971 3595 1130 3660 instinctu
1152 3610 1184 3660 et
1205 3597 1345 3660 oonsilio
1364 3597 1479 3661 Liliar-

364 3695 495 3772 dorum,
518 3697 665 3782 quamvis
684 3696 752 3760 lere
772 3709 839 3760 tota
858 3698 1078 3763 communitas
1098 3701 1211 3763 comiti
1227 3700 1361 3764 faveret.

407 3799 552 3863 lacobus
574 3797 678 3888 igitur
698 3798 814 3862 videns
835 3800 1022 3865 Gnidonem
1041 3801 1304 3870 ctWilhelmum
1322 3804 1369 3868 sio
1385 3825 1479 3891 pros-

364 3899 487 3988 perari,
510 3914 599 3966 etse
621 3899 669 3964 eis
697 3902 853 3966 resistere
872 3927 936 3967 non
960 3929 1071 3991 posse,
1100 3907 1199 3968 Petro
1222 3905 1262 3968 de
1289 3906 1382 3971 Flota
1409 3925 1479 3968 cum

364 4004 524 4081 exercitu,
547 4028 646 4091 quem
667 4028 873 4094 congregare
892 4020 1034 4095 poterat,
1057 4007 1091 4070 in
1107 4020 1216 4070 castro
1237 4022 1269 4072 et
1287 4009 1363 4074 villa
1386 4011 1479 4072 lusu·

365 4105 450 4170 lensi
476 4105 604 4186 relicto,
632 4107 673 4171 ad
691 4131 803 4193 regem
828 4121 861 4172 et
887 4109 1048 4196 reginam,
1074 4107 1175 4172 liliam
1199 4111 1322 4174 sororis
1350 4134 1419 4182 sue,
1447 4132 1478 4172 se

366 4207 520 4288 contulit,
537 4211 711 4274 maximam
725 4210 897 4300 deponens
914 4211 1154 4300 querimoniam
1170 4210 1211 4275 de
1227 4213 1359 4301 injuria,
1373 4211 1477 4277 anxie-
